
<record>
<header>
<identifier>oai:revistas.usp.br:article/103458</identifier>
<datestamp>2019-10-18T11:18:35Z</datestamp>
<setSpec>actafisiatrica:Art.+Orig.</setSpec>
<setSpec>driver</setSpec>
</header>
<metadata>
<record xmlns="http://www.loc.gov/MARC21/slim" xmlns:xsi="http://www.w3.org/2001/XMLSchema-instance" xsi:schemaLocation="http://www.loc.gov/MARC21/slim http://www.loc.gov/standards/marcxml/schema/MARC21slim.xsd">
<leader>     nmb a2200000Iu 4500</leader>
<controlfield tag="008">"110309 2011                        eng  "</controlfield>
<datafield tag="022" ind1="#" ind2="#">
<subfield code="$a">2317-0190</subfield>
</datafield>
<datafield tag="022" ind1="#" ind2="#">
<subfield code="$a">0104-7795</subfield>
</datafield>
<datafield tag="042" ind1=" " ind2=" ">
<subfield code="a">dc</subfield>
</datafield>
<datafield tag="245" ind1="0" ind2="0">
<subfield code="a">Impacto da mielopatia associada ao HTLV/paraparesia espástica tropical (TSP/HAM) nas atividades de vida diária (AVD) em pacientes infectados pelo HTLV-1</subfield>
</datafield>  <datafield tag="720" ind1="1" ind2=" ">
<subfield code="a">Coutinho, Isa de Jesus</subfield>
<subfield code="u">Escola Bahiana de Medicina e Saúde Pública</subfield></datafield>
<datafield tag="720" ind1="1" ind2=" ">
<subfield code="a">Galvão-Castro, Bernardo</subfield>
<subfield code="u">Laboratório Avançado de Saúde Pública, Fundação Oswaldo Cruz - FIOCRUZ</subfield></datafield>
<datafield tag="720" ind1="1" ind2=" ">
<subfield code="a">Lima, Juliana</subfield>
<subfield code="u">Escola Bahiana de Medicina e Saúde Pública</subfield></datafield>
<datafield tag="720" ind1="1" ind2=" ">
<subfield code="a">Castello, Camila</subfield>
<subfield code="u">Escola Bahiana de Medicina e Saúde Pública</subfield></datafield>
<datafield tag="720" ind1="1" ind2=" ">
<subfield code="a">Eiter, Diego</subfield>
<subfield code="u">Escola Bahiana de Medicina e Saúde Pública</subfield></datafield>
<datafield tag="720" ind1="1" ind2=" ">
<subfield code="a">Grassi, Maria Fernanda Rios</subfield>
<subfield code="u">Laboratório Avançado de Saúde Pública, Fundação Oswaldo Cruz - FIOCRUZ</subfield><subfield code="0">https://orcid.org/0000-0002-7356-5569</subfield></datafield>
<datafield tag="520" ind1=" " ind2=" ">
<subfield code="a"> Objetivo: Descrever o desempenho nas atividades de vida diária (AVD) em pacientes infectados pelo HTLV-1 com TSP/HAM e medir o impacto da doença sobre a qualidade de vida dos pacientes. Método: Trata-se de um estudo descritivo, de corte transversal. Um total de setenta e três pacientes com TSP/HAM acompanhados no Centro de HTLV da Escola Baiana de Medicina e Saúde Pública, Salvador, Bahia, Brasil foram selecionados. O índice de independência funcional foi calculada usando o Health Assessment Questionnaire (HAQ). A qualidade de vida foi avaliada incluindo a capacidade funcional, dor e aspecto físico, utilizando do Short-Form Health Survey (SF-36). Resultados: Um total de setenta e três pacientes com TSP/HAM foram avaliados: a idade média foi de 48,9 ± 11,4 anos, e 57 (78,1%) eram mulheres. A duração da doença TSP/HAM foi de 10 a 37 anos em 50,7% dos pacientes. Trinta e seis pacientes (49,3%) necessitavam de ajuda de suportes para andar. As pontuações mais baixas no desempenho das AVD foram observadas entre as mulheres e se referiam à locomoção e à mobilidade / (98,2%), ao vestuário (73,7%) e ao autocuidado (57,9%). O escore de qualidade de vida para o aspecto físico foi 24,2 e o da capacidade funcional foi 27,1. A média de dor foi 41,7. Conclusão: A TSP/HAM afeta negativamente a qualidade de vida e o desempenho nas AVD dos pacientes. Dispositivos de tecnologia assistiva devem ser usados para melhorar a capacidade funcional e a qualidade de vida desses pacientes. </subfield>
</datafield>
<datafield tag="260" ind1=" " ind2=" ">
<subfield code="b">Faculdade de Medicina, Universidade de São Paulo</subfield>
</datafield>
<dataField tag="260" ind1=" " ind2=" ">
<subfield code="c">2011-03-09 00:00:00</subfield>
</dataField>   <datafield tag="856" ind1=" " ind2=" ">
<subfield code="q">application/pdf</subfield>
</datafield>
<datafield tag="856" ind1=" " ind2=" ">
<subfield code="q">application/pdf</subfield>
</datafield>
<datafield tag="856" ind1="4" ind2="0">
<subfield code="u">https://www.revistas.usp.br/actafisiatrica/article/view/103458</subfield>
</datafield>  <datafield tag="786" ind1="0" ind2=" ">
<subfield code="n">Acta Fisiátrica; v. 18 n. 1 (2011)</subfield>
</datafield>  <datafield tag="546" ind1=" " ind2=" ">
<subfield code="a">por</subfield>
</datafield>   <datafield tag="540" ind1=" " ind2=" ">
<subfield code="a">Copyright (c) 2011 Acta Fisiátrica</subfield>
</datafield>
</record>
</metadata>
</record>