
<record>
<header>
<identifier>oai:revistas.usp.br:article/103459</identifier>
<datestamp>2019-10-18T11:44:27Z</datestamp>
<setSpec>actafisiatrica:Art.+Orig.</setSpec>
<setSpec>driver</setSpec>
</header>
<metadata>
<record xmlns="http://www.loc.gov/MARC21/slim" xmlns:xsi="http://www.w3.org/2001/XMLSchema-instance" xsi:schemaLocation="http://www.loc.gov/MARC21/slim http://www.loc.gov/standards/marcxml/schema/MARC21slim.xsd">
<leader>     nmb a2200000Iu 4500</leader>
<controlfield tag="008">"110309 2011                        eng  "</controlfield>
<datafield tag="022" ind1="#" ind2="#">
<subfield code="$a">2317-0190</subfield>
</datafield>
<datafield tag="022" ind1="#" ind2="#">
<subfield code="$a">0104-7795</subfield>
</datafield>
<datafield tag="042" ind1=" " ind2=" ">
<subfield code="a">dc</subfield>
</datafield>
<datafield tag="245" ind1="0" ind2="0">
<subfield code="a">O efeito da rizotomia dorsal seletiva no quadro clínico e nos cuidados diários de crianças com paralisia cerebral espástica</subfield>
</datafield>  <datafield tag="720" ind1="1" ind2=" ">
<subfield code="a">Jucá, Renata Viana Brígido de Moura</subfield>
<subfield code="u">Universidade de São Paulo. Faculdade de Medicina de Ribeirão Preto</subfield></datafield>
<datafield tag="720" ind1="1" ind2=" ">
<subfield code="a">Jucá, Carlos Eduardo Barros</subfield>
<subfield code="u">Universidade de São Paulo. Faculdade de Medicina de Ribeirão Preto</subfield></datafield>
<datafield tag="720" ind1="1" ind2=" ">
<subfield code="a">Caldas, Carla Andrea Tanuri</subfield>
<subfield code="u">Universidade de São Paulo. Faculdade de Medicina de Ribeirão Preto</subfield></datafield>
<datafield tag="720" ind1="1" ind2=" ">
<subfield code="a">Ioriatti, Enrico Salomão</subfield>
<subfield code="u">Universidade de São Paulo. Faculdade de Medicina de Ribeirão Preto</subfield></datafield>
<datafield tag="720" ind1="1" ind2=" ">
<subfield code="a">Baptista, Cyntia Rogean de Jesus Alves de</subfield>
<subfield code="u">Universidade de São Paulo. Faculdade de Medicina de Ribeirão Preto</subfield></datafield>
<datafield tag="720" ind1="1" ind2=" ">
<subfield code="a">Machado, Hélio Rubens</subfield>
<subfield code="u">Universidade de São Paulo. Faculdade de Medicina de Ribeirão Preto</subfield></datafield>
<datafield tag="520" ind1=" " ind2=" ">
<subfield code="a"> A espasticidade acarreta diversos comprometimentos motores e funcionais para a criança, dificultando o posicionamento e os cuidados de higiene. É de fundamental importância, portanto, o estudo da associação de intervenções cirúrgicas e tratamentos fisioterapêuticos que proporcionem controle da espasticidade. Objetivo: Avaliar o impacto da Rizotomia Dorsal Seletiva (RDS) no quadro clínico de crianças espásticas e na realização dos cuidados diários. Métodos: Participaram do estudo 7 crianças com espasticidade, GMFCS de 4 a 5, de 5 a 11 anos de idade. Antes e depois da cirurgia, os seguintes dados foram avaliados: grau de espasticidade dos grupos musculares adutores do quadril e isquiotibiais nos membros inferiores e para o grupo flexor do cotovelo nos membros superiores (escala de Ashworth Modificada); medida do ângulo poplíteo unilateral e bilateral, do ângulo de abdução do quadril e de dorsiflexão do tornozelo com goniometria. Além disso, foi aplicado questionário às famílias para avaliar o grau de dificuldade para os cuidados diários e o grau de satisfação após a RDS. Conclusões: Houve redução da espasticidade no pós-operatório em todos os grupos musculares testados, em todos os pacientes. Houve alteração significativa da goniometria para o ângulo poplíteo bilateral (p&lt;0,05). Das 7 famílias questionadas, 6 (85,7%) relataram melhora para o posicionamento, alimentação, higiene e facilidade para vestir e instalar órteses. Desse modo, a RDS mostra-se uma opção para o tratamento de casos de espasticidade refratária ao tratamento clínico em crianças com PC quadriespásticas graves, mostrando-se capaz de melhorar a qualidade de vida delas e de seus cuidadores. </subfield>
</datafield>
<datafield tag="260" ind1=" " ind2=" ">
<subfield code="b">Faculdade de Medicina, Universidade de São Paulo</subfield>
</datafield>
<dataField tag="260" ind1=" " ind2=" ">
<subfield code="c">2011-03-09 00:00:00</subfield>
</dataField>   <datafield tag="856" ind1=" " ind2=" ">
<subfield code="q">application/pdf</subfield>
</datafield>
<datafield tag="856" ind1="4" ind2="0">
<subfield code="u">https://www.revistas.usp.br/actafisiatrica/article/view/103459</subfield>
</datafield>  <datafield tag="786" ind1="0" ind2=" ">
<subfield code="n">Acta Fisiátrica; v. 18 n. 1 (2011)</subfield>
</datafield>  <datafield tag="546" ind1=" " ind2=" ">
<subfield code="a">por</subfield>
</datafield>   <datafield tag="540" ind1=" " ind2=" ">
<subfield code="a">Copyright (c) 2011 Acta Fisiátrica</subfield>
</datafield>
</record>
</metadata>
</record>