
<record>
<header>
<identifier>oai:revistas.usp.br:article/103488</identifier>
<datestamp>2019-10-18T11:51:07Z</datestamp>
<setSpec>actafisiatrica:Art.+Orig.</setSpec>
<setSpec>driver</setSpec>
</header>
<metadata>
<record xmlns="http://www.loc.gov/MARC21/slim" xmlns:xsi="http://www.w3.org/2001/XMLSchema-instance" xsi:schemaLocation="http://www.loc.gov/MARC21/slim http://www.loc.gov/standards/marcxml/schema/MARC21slim.xsd">
<leader>     nmb a2200000Iu 4500</leader>
<controlfield tag="008">"110309 2011                        eng  "</controlfield>
<datafield tag="022" ind1="#" ind2="#">
<subfield code="$a">2317-0190</subfield>
</datafield>
<datafield tag="022" ind1="#" ind2="#">
<subfield code="$a">0104-7795</subfield>
</datafield>
<datafield tag="042" ind1=" " ind2=" ">
<subfield code="a">dc</subfield>
</datafield>
<datafield tag="245" ind1="0" ind2="0">
<subfield code="a">Confiabilidade do limiar de lactato identificada pelo método visual</subfield>
</datafield>  <datafield tag="720" ind1="1" ind2=" ">
<subfield code="a">Fonseca, Sueli Ferreira da</subfield>
<subfield code="u">Universidade Federal dos Vales do Jequitinhonha e Mucuri</subfield></datafield>
<datafield tag="720" ind1="1" ind2=" ">
<subfield code="a">Amorim, Mateus Ramos</subfield>
<subfield code="u">Universidade Federal dos Vales do Jequitinhonha e Mucuri</subfield></datafield>
<datafield tag="720" ind1="1" ind2=" ">
<subfield code="a">Arrieiro, Arthur Nascimento</subfield>
<subfield code="u">Universidade Federal dos Vales do Jequitinhonha e Mucuri</subfield></datafield>
<datafield tag="720" ind1="1" ind2=" ">
<subfield code="a">Peixoto, Marco Fabrício Dias</subfield>
<subfield code="u">Universidade Federal dos Vales do Jequitinhonha e Mucuri</subfield></datafield>
<datafield tag="720" ind1="1" ind2=" ">
<subfield code="a">Lopes, Fernando Joaquim Gripp</subfield>
<subfield code="u">Universidade Federal dos Vales do Jequitinhonha e Mucuri</subfield></datafield>
<datafield tag="720" ind1="1" ind2=" ">
<subfield code="a">Avelar, Núbia Carelli Pereira</subfield>
<subfield code="u">Universidade Federal dos Vales do Jequitinhonha e Mucuri</subfield></datafield>
<datafield tag="720" ind1="1" ind2=" ">
<subfield code="a">Lacerda, Ana Cristina Rodrigues</subfield>
<subfield code="u">Universidade Federal dos Vales do Jequitinhonha e Mucuri</subfield></datafield>
<datafield tag="520" ind1=" " ind2=" ">
<subfield code="a"> Limiar de lactato (LL) tem sido utilizado como medidor de condicionamento físico, indicador sensível do estado do treinamento aeróbico em sujeitos saudáveis e doentes, além disso, auxilia na identificação do estímulo de treinamento ideal e na prescrição da intensidade de treinamento. O objetivo do presente estudo foi avaliar a confiabilidade intra e interexaminadores das medidas do LL obtidas através do método de detecção visual. Para isso, 31 voluntárias do sexo feminino (67,50 ± 4,41 anos; 1,52 ± 0,07 m; 64,55 ± 11,46 kg), aparentemente saudáveis e no período pós-menopausa, participaram do estudo. O LL foi determinado a partir de um teste realizado na esteira ergométrica até a fadiga, que consistiu de estágios com carga progressiva (variação da velocidade e/ou inclinação). Amostras de sangue foram coletadas por meio de uma punção na polpa digital do dedo médio a cada 3 minutos durante o teste. Em seguida, foram construídos os gráficos do método de detecção visual (software Prisma5) a partir da concentração de lactato sanguíneo coletado a cada estágio do exercício (intervalo de 3 minutos) em função da taxa de trabalho correspondente ao consumo de oxigênio (VO2) estimado durante o teste na esteira. A análise estatística foi realizada através do Coeficiente de Correlação Intraclasse (CCI). A confiabilidade intraexaminador foi excelente (0,950 - 0,952) e a confiabilidade interexaminadores foi boa (0,789 - 0,770). Dessa forma, sugere-se que o método de detecção visual é uma forma segura e confiável para detectar o LL na prática clínica e em pesquisas. </subfield>
</datafield>
<datafield tag="260" ind1=" " ind2=" ">
<subfield code="b">Faculdade de Medicina, Universidade de São Paulo</subfield>
</datafield>
<dataField tag="260" ind1=" " ind2=" ">
<subfield code="c">2011-03-09 00:00:00</subfield>
</dataField>   <datafield tag="856" ind1=" " ind2=" ">
<subfield code="q">application/pdf</subfield>
</datafield>
<datafield tag="856" ind1="4" ind2="0">
<subfield code="u">https://www.revistas.usp.br/actafisiatrica/article/view/103488</subfield>
</datafield>  <datafield tag="786" ind1="0" ind2=" ">
<subfield code="n">Acta Fisiátrica; v. 18 n. 1 (2011)</subfield>
</datafield>  <datafield tag="546" ind1=" " ind2=" ">
<subfield code="a">por</subfield>
</datafield>   <datafield tag="540" ind1=" " ind2=" ">
<subfield code="a">Copyright (c) 2011 Acta Fisiátrica</subfield>
</datafield>
</record>
</metadata>
</record>