
<record>
<header>
<identifier>oai:revistas.usp.br:article/103491</identifier>
<datestamp>2019-10-18T12:09:34Z</datestamp>
<setSpec>actafisiatrica:Art.+Orig.</setSpec>
<setSpec>driver</setSpec>
</header>
<metadata>
<record xmlns="http://www.loc.gov/MARC21/slim" xmlns:xsi="http://www.w3.org/2001/XMLSchema-instance" xsi:schemaLocation="http://www.loc.gov/MARC21/slim http://www.loc.gov/standards/marcxml/schema/MARC21slim.xsd">
<leader>     nmb a2200000Iu 4500</leader>
<controlfield tag="008">"110309 2011                        eng  "</controlfield>
<datafield tag="022" ind1="#" ind2="#">
<subfield code="$a">2317-0190</subfield>
</datafield>
<datafield tag="022" ind1="#" ind2="#">
<subfield code="$a">0104-7795</subfield>
</datafield>
<datafield tag="042" ind1=" " ind2=" ">
<subfield code="a">dc</subfield>
</datafield>
<datafield tag="245" ind1="0" ind2="0">
<subfield code="a">Efeitos da plataforma vibratória no equilíbrio em idosos</subfield>
</datafield>  <datafield tag="720" ind1="1" ind2=" ">
<subfield code="a">Silva, Patrícia Zambone da</subfield>
<subfield code="u">Pontifícia Universidade Católica do Rio Grande do Sul</subfield></datafield>
<datafield tag="720" ind1="1" ind2=" ">
<subfield code="a">Schneider, Rodolfo Herberto</subfield>
<subfield code="u">Pontifícia Universidade Católica do Rio Grande do Sul</subfield></datafield>
<datafield tag="520" ind1=" " ind2=" ">
<subfield code="a"> O envelhecimento determina uma série de alterações fisiológicas, dentre elas, perda da massa muscular, diminuição do equilíbrio e dos reflexos posturais. Como conseqüência destas transformações, o risco de quedas aumenta, o que é um evento marcante, podendo instituir início do declínio da saúde no idoso. Diversas abordagens têm sido utilizadas na prevenção das quedas, sendo que, mais recentemente, a plataforma vibratória, tem sido avaliada para aumentar o equilíbrio e controle postural nos idosos, portanto reduzindo os riscos de quedas e suas conseqüências. Esta revisão bibliográfica tem como foco os artigos mais relevantes sobre o tema. Os resultados obtidos indicaram melhora do equilíbrio e controle postural nesta população quando comparada com exercícios, fisioterapia ou sedentarismo. No entanto, há inúmeros protocolos de treinamento diferentes, o que dificulta a comparação de resultados. Esta revisão demonstra que a plataforma vibratória é uma promissora intervenção na prevenção de quedas em idosos, porém são necessários mais estudos para determinar o protocolo mais adequado de tratamento para melhorar o equilíbrio. </subfield>
</datafield>
<datafield tag="260" ind1=" " ind2=" ">
<subfield code="b">Faculdade de Medicina, Universidade de São Paulo</subfield>
</datafield>
<dataField tag="260" ind1=" " ind2=" ">
<subfield code="c">2011-03-09 00:00:00</subfield>
</dataField>   <datafield tag="856" ind1=" " ind2=" ">
<subfield code="q">application/pdf</subfield>
</datafield>
<datafield tag="856" ind1="4" ind2="0">
<subfield code="u">https://www.revistas.usp.br/actafisiatrica/article/view/103491</subfield>
</datafield>  <datafield tag="786" ind1="0" ind2=" ">
<subfield code="n">Acta Fisiátrica; v. 18 n. 1 (2011)</subfield>
</datafield>  <datafield tag="546" ind1=" " ind2=" ">
<subfield code="a">por</subfield>
</datafield>   <datafield tag="540" ind1=" " ind2=" ">
<subfield code="a">Copyright (c) 2011 Acta Fisiátrica</subfield>
</datafield>
</record>
</metadata>
</record>