
<record>
<header>
<identifier>oai:revistas.usp.br:article/103496</identifier>
<datestamp>2017-11-27T11:14:08Z</datestamp>
<setSpec>actafisiatrica:Art.+Orig.</setSpec>
<setSpec>driver</setSpec>
</header>
<metadata>
<record xmlns="http://www.loc.gov/MARC21/slim" xmlns:xsi="http://www.w3.org/2001/XMLSchema-instance" xsi:schemaLocation="http://www.loc.gov/MARC21/slim http://www.loc.gov/standards/marcxml/schema/MARC21slim.xsd">
<leader>     nmb a2200000Iu 4500</leader>
<controlfield tag="008">"110309 2011                        eng  "</controlfield>
<datafield tag="022" ind1="#" ind2="#">
<subfield code="$a">2317-0190</subfield>
</datafield>
<datafield tag="022" ind1="#" ind2="#">
<subfield code="$a">0104-7795</subfield>
</datafield>
<datafield tag="042" ind1=" " ind2=" ">
<subfield code="a">dc</subfield>
</datafield>
<datafield tag="245" ind1="0" ind2="0">
<subfield code="a">Há correlação entre classe social e a prática de atividade física?</subfield>
</datafield>  <datafield tag="720" ind1="1" ind2=" ">
<subfield code="a">Martinez, Anna Paula</subfield>
<subfield code="u">Pontifícia Universidade Católica de São Paulo</subfield></datafield>
<datafield tag="720" ind1="1" ind2=" ">
<subfield code="a">Martinez, José Eduardo</subfield>
<subfield code="u">Pontifícia Universidade Católica de São Paulo</subfield></datafield>
<datafield tag="720" ind1="1" ind2=" ">
<subfield code="a">Lanza, Leni Boghossian</subfield>
<subfield code="u">Pontifícia Universidade Católica de São Paulo</subfield></datafield>
<datafield tag="520" ind1=" " ind2=" ">
<subfield code="a"> O exercício físico é recomendado para promover a saúde e melhorar a qualidade de vida. As condições para a realização de atividade física devem incluir local, roupas, supervisão e elaboração de antemão. O objetivo desta pesquisa verificar se existe influência da renda familiar na freqüência e na forma de se praticar exercícios físicos. Utilizou-se um questionário especialmente elaborado para os dados sociodemográficos, freqüência, tipo e condições da prática de exercícios. Setenta pacientes, divididos em dois grupos: assistidos por instituições públicas de saúde (A) e assistidos por organizações privadas (B). Em ambos os grupos se observou uma maioria de mulheres (A - 66%; B - 60%) e casados. Em relação ao status sócio-econômico, os membros do grupo A têm maior renda e escolaridade. Os resultados mostram maior freqüência de atividade física entre os conveniados. Ambos os grupos têm a maioria dos componentes que não praticam exercícios. Entre aqueles que praticam exercício regularmente, a maior parte o faz de 1-3 vezes por semana, com duração entre 30-50 minutos. A modalidade principal é caminhar sem supervisão ou preparação como aquecimento ou alongamento. Os níveis econômicos e educacionais não influenciam a freqüência, tipo e condições da prática de exercícios. </subfield>
</datafield>
<datafield tag="260" ind1=" " ind2=" ">
<subfield code="b">Faculdade de Medicina, Universidade de São Paulo</subfield>
</datafield>
<dataField tag="260" ind1=" " ind2=" ">
<subfield code="c">2011-03-09 00:00:00</subfield>
</dataField>   <datafield tag="856" ind1=" " ind2=" ">
<subfield code="q">application/pdf</subfield>
</datafield>
<datafield tag="856" ind1="4" ind2="0">
<subfield code="u">https://www.revistas.usp.br/actafisiatrica/article/view/103496</subfield>
</datafield>  <datafield tag="786" ind1="0" ind2=" ">
<subfield code="n">Acta Fisiátrica; v. 18 n. 1 (2011)</subfield>
</datafield>  <datafield tag="546" ind1=" " ind2=" ">
<subfield code="a">por</subfield>
</datafield>   <datafield tag="540" ind1=" " ind2=" ">
<subfield code="a">Copyright (c) 2011 Acta Fisiátrica</subfield>
</datafield>
</record>
</metadata>
</record>