
<record>
<header>
<identifier>oai:revistas.usp.br:article/103501</identifier>
<datestamp>2019-10-18T12:18:43Z</datestamp>
<setSpec>actafisiatrica:Art.+Rev.</setSpec>
<setSpec>driver</setSpec>
</header>
<metadata>
<record xmlns="http://www.loc.gov/MARC21/slim" xmlns:xsi="http://www.w3.org/2001/XMLSchema-instance" xsi:schemaLocation="http://www.loc.gov/MARC21/slim http://www.loc.gov/standards/marcxml/schema/MARC21slim.xsd">
<leader>     nmb a2200000Iu 4500</leader>
<controlfield tag="008">"110309 2011                        eng  "</controlfield>
<datafield tag="022" ind1="#" ind2="#">
<subfield code="$a">2317-0190</subfield>
</datafield>
<datafield tag="022" ind1="#" ind2="#">
<subfield code="$a">0104-7795</subfield>
</datafield>
<datafield tag="042" ind1=" " ind2=" ">
<subfield code="a">dc</subfield>
</datafield>
<datafield tag="245" ind1="0" ind2="0">
<subfield code="a">Aspectos da sexualidade em indivíduos com traumatismo crânio–encefálico: revisão da literatura</subfield>
</datafield>  <datafield tag="720" ind1="1" ind2=" ">
<subfield code="a">Santos Filho, Carlos Souto dos</subfield>
<subfield code="u">Universidade de São Paulo. Faculdade de Medicina</subfield></datafield>
<datafield tag="720" ind1="1" ind2=" ">
<subfield code="a">Spizzirri, Giancarlo</subfield>
<subfield code="u">Universidade de São Paulo. Faculdade de Medicina</subfield></datafield>
<datafield tag="520" ind1=" " ind2=" ">
<subfield code="a"> Os transtornos sexuais após lesão encefálica traumática são pouco abordados na literatura científica. O impacto na sexualidade dos pacientes, na parceria, na família e na sociedade ainda é pouco compreendido pelos profissionais de reabilitação. Diante disto, fez-se uma revisão da literatura sobre diversos aspectos da sexualidade após trauma de crânio. Este estudo teve por objetivo investigar a epidemiologia, a etiologia, os diagnósticos, a classificação, as modalidades terapêuticas que vêm sendo adotadas e o prognóstico dos transtornos sexuais de portadores de traumatismo craniano. Realizou-se uma revisão de 39 artigos selecionados nas seguintes bases de dados científicas: MEDLINE, Cochrane Library, LILACS e Scielo, usando como descritores: brain Injuries; traumatic brain Injury; sexuality, sexual behavior; sexual dysfunction psychological; sex education; sexual violence, referentes à pacientes maiores de 18 anos, de ambos os gêneros, no período de janeiro 1966 a maio 2011, nas línguas inglesa, espanhola e portuguesa. Alguns artigos e livros de referencia devido à relevância histórica neste assunto foram incluídos. Os autores abordaram os aspectos clínico-funcionais, psicológicos e sociais da sexualidade desses indivíduos. Conclusão: a avaliação completa por profissionais capacitados na área de sexualidade é recomendada durante o processo de reabilitação para uma melhor reintegração na sociedade. São necessários mais estudos para delinear as disfunções sexuais apresentadas por esses pacientes e suas parcerias, a fim de desenvolver estratégias de tratamento que contemplem suas necessidades possibilitando melhora no relacionamento, satisfação sexual e conseqüentemente na qualidade de vida. </subfield>
</datafield>
<datafield tag="260" ind1=" " ind2=" ">
<subfield code="b">Faculdade de Medicina, Universidade de São Paulo</subfield>
</datafield>
<dataField tag="260" ind1=" " ind2=" ">
<subfield code="c">2011-03-09 00:00:00</subfield>
</dataField>   <datafield tag="856" ind1=" " ind2=" ">
<subfield code="q">application/pdf</subfield>
</datafield>
<datafield tag="856" ind1="4" ind2="0">
<subfield code="u">https://www.revistas.usp.br/actafisiatrica/article/view/103501</subfield>
</datafield>  <datafield tag="786" ind1="0" ind2=" ">
<subfield code="n">Acta Fisiátrica; v. 18 n. 1 (2011)</subfield>
</datafield>  <datafield tag="546" ind1=" " ind2=" ">
<subfield code="a">por</subfield>
</datafield>   <datafield tag="540" ind1=" " ind2=" ">
<subfield code="a">Copyright (c) 2011 Acta Fisiátrica</subfield>
</datafield>
</record>
</metadata>
</record>