
<record>
<header>
<identifier>oai:revistas.usp.br:article/103510</identifier>
<datestamp>2019-10-18T12:27:21Z</datestamp>
<setSpec>actafisiatrica:Rel.+Caso</setSpec>
<setSpec>driver</setSpec>
</header>
<metadata>
<record xmlns="http://www.loc.gov/MARC21/slim" xmlns:xsi="http://www.w3.org/2001/XMLSchema-instance" xsi:schemaLocation="http://www.loc.gov/MARC21/slim http://www.loc.gov/standards/marcxml/schema/MARC21slim.xsd">
<leader>     nmb a2200000Iu 4500</leader>
<controlfield tag="008">"110309 2011                        eng  "</controlfield>
<datafield tag="022" ind1="#" ind2="#">
<subfield code="$a">2317-0190</subfield>
</datafield>
<datafield tag="022" ind1="#" ind2="#">
<subfield code="$a">0104-7795</subfield>
</datafield>
<datafield tag="042" ind1=" " ind2=" ">
<subfield code="a">dc</subfield>
</datafield>
<datafield tag="245" ind1="0" ind2="0">
<subfield code="a">Fisioterapia aquática no paciente sobrevivente da Poliomielite traqueostomizado com suporte ventilatório: relato de caso</subfield>
</datafield>  <datafield tag="720" ind1="1" ind2=" ">
<subfield code="a">Braga, Douglas Martins</subfield>
<subfield code="u">Associação de Assistência à Criança Deficiente</subfield></datafield>
<datafield tag="720" ind1="1" ind2=" ">
<subfield code="a">Cavalheiro, Daniela Potas</subfield>
<subfield code="u">Associação de Assistência à Criança Deficiente</subfield></datafield>
<datafield tag="720" ind1="1" ind2=" ">
<subfield code="a">Ogura, Adriane Fukui</subfield>
<subfield code="u">Associação de Assistência à Criança Deficiente</subfield></datafield>
<datafield tag="720" ind1="1" ind2=" ">
<subfield code="a">Guimarães, Tatiana Camargo</subfield>
<subfield code="u">Associação de Assistência à Criança Deficiente</subfield></datafield>
<datafield tag="720" ind1="1" ind2=" ">
<subfield code="a">Farcetta Junior, Fernando</subfield>
<subfield code="u">Associação de Assistência à Criança Deficiente</subfield></datafield>
<datafield tag="720" ind1="1" ind2=" ">
<subfield code="a">Ingham, Sheila Jean McNeill</subfield>
<subfield code="u">Associação de Assistência à Criança Deficiente</subfield></datafield>
<datafield tag="520" ind1=" " ind2=" ">
<subfield code="a"> Muitos pacientes sobreviventes da poliomielite apresentam importante comprometimento da função respiratória. A fisioterapia aquática é indicada para esta população, porém, a presença da traqueostomia leva a uma maior dificuldade de tratamento no meio líquido pela dificuldade da manipulação. O objetivo deste trabalho é verificar os benefícios que uma paciente traqueostomizada, com suporte ventilatório não invasivo, pode ter com a abordagem da fisioterapia aquática. A paciente sofreu intervenção de vinte sessões de fisioterapia aquática. Para avaliação foram usadas as Escalas de Fadiga, Dor e Qualidade de vida e analisados os parâmetros: Saturação de Oxigênio (SatO2), Freqüência Cardíaca (FC)e Freqüência Respiratória (FR). Foi constatada melhora na pontuação de todas as escalas de fadiga utilizadas: inicial 55 e final 28, demonstrando ao final do estudo ausência de fadiga Fator esse também verificado na qualidade de vida principalmente na dimensão de vitalidade inicial 29,16 e final 50. A FC, a (excluir) FR e a SatO2 não sofreram alterações significativas, observando dessa maneira a segurança durante o atendimento. No término do tratamento, o quadro álgico cessou nos principais grupos articulares. Os resultados demonstraram que o meio líquido foi favorável para o tratamento dessa paciente, garantindo a segurança, diminuindo a fadiga e a dor, melhorando assim a qualidade de vida. </subfield>
</datafield>
<datafield tag="260" ind1=" " ind2=" ">
<subfield code="b">Faculdade de Medicina, Universidade de São Paulo</subfield>
</datafield>
<dataField tag="260" ind1=" " ind2=" ">
<subfield code="c">2011-03-09 00:00:00</subfield>
</dataField>   <datafield tag="856" ind1=" " ind2=" ">
<subfield code="q">application/pdf</subfield>
</datafield>
<datafield tag="856" ind1="4" ind2="0">
<subfield code="u">https://www.revistas.usp.br/actafisiatrica/article/view/103510</subfield>
</datafield>  <datafield tag="786" ind1="0" ind2=" ">
<subfield code="n">Acta Fisiátrica; v. 18 n. 1 (2011)</subfield>
</datafield>  <datafield tag="546" ind1=" " ind2=" ">
<subfield code="a">por</subfield>
</datafield>   <datafield tag="540" ind1=" " ind2=" ">
<subfield code="a">Copyright (c) 2011 Acta Fisiátrica</subfield>
</datafield>
</record>
</metadata>
</record>