
<record>
<header>
<identifier>oai:revistas.usp.br:article/103517</identifier>
<datestamp>2019-10-18T12:32:44Z</datestamp>
<setSpec>actafisiatrica:Rel.+Caso</setSpec>
<setSpec>driver</setSpec>
</header>
<metadata>
<record xmlns="http://www.loc.gov/MARC21/slim" xmlns:xsi="http://www.w3.org/2001/XMLSchema-instance" xsi:schemaLocation="http://www.loc.gov/MARC21/slim http://www.loc.gov/standards/marcxml/schema/MARC21slim.xsd">
<leader>     nmb a2200000Iu 4500</leader>
<controlfield tag="008">"110309 2011                        eng  "</controlfield>
<datafield tag="022" ind1="#" ind2="#">
<subfield code="$a">2317-0190</subfield>
</datafield>
<datafield tag="022" ind1="#" ind2="#">
<subfield code="$a">0104-7795</subfield>
</datafield>
<datafield tag="042" ind1=" " ind2=" ">
<subfield code="a">dc</subfield>
</datafield>
<datafield tag="245" ind1="0" ind2="0">
<subfield code="a">Avaliação da marcha em paciente com paralisia cerebral submetido à estimulação elétrica dos compartimentos anterior e lateral da perna</subfield>
</datafield>  <datafield tag="720" ind1="1" ind2=" ">
<subfield code="a">Fernandes, Tiago Lazzaretti</subfield>
<subfield code="u">Universidade de São Paulo. Faculdade de Medicina</subfield></datafield>
<datafield tag="720" ind1="1" ind2=" ">
<subfield code="a">Lima, Klévia Bezerra</subfield>
<subfield code="u">Universidade de São Paulo. Faculdade de Medicina</subfield></datafield>
<datafield tag="720" ind1="1" ind2=" ">
<subfield code="a">Santos-Silva, Paulo Roberto</subfield>
<subfield code="u">Universidade de São Paulo. Faculdade de Medicina</subfield></datafield>
<datafield tag="720" ind1="1" ind2=" ">
<subfield code="a">Oshiro, Milton Seigui</subfield>
<subfield code="u">Universidade de São Paulo. Faculdade de Medicina</subfield></datafield>
<datafield tag="720" ind1="1" ind2=" ">
<subfield code="a">Paula, Adilson de</subfield>
<subfield code="u">Universidade de São Paulo. Faculdade de Medicina</subfield></datafield>
<datafield tag="520" ind1=" " ind2=" ">
<subfield code="a"> Crianças com lesão do neurônio motor superior possuem déficits funcionais desafiadores. As alterações de marcha são conseqüências da espasticidade, padrão primitivo locomotor, pobre controle motor central e controle debilitado da propriocepção. O objetivo do presente estudo é mostrar os benefícios da eletroestimulação no padrão da marcha do paciente com paralisia cerebral através do laboratório de marcha e teste ergoespirométrico. Método: Paciente do grupo de Neuro-Ortopedia do IOT HC-FMUSP, sexo feminino, 24 anos, estudante, portadora de paralisia cerebral do tipo diplégico espástico, deambuladora comunitária e pés eqüinos flexíveis. Equipamento de análise de marcha: HAWK, Motion Analysis Corporation. Analisador metabólico CPX-D, Medgraphics, EUA. Estimulador elétrico modelo EEF-4, Lynx Tecnologia. Frequência de estímulo de 20Hz, ON/OFF 5s/10s, 40min, 3X/semana por 1,5 meses nos compartimentos anterior e lateral das pernas. Resultado: dorsiflexão fase de balanço pé direito e esquerdo anterior ao estímulo: 2,12º e -0,17º, respectivamente. Após 1,5 meses do término do protocolo: dorsiflexão pé direito=7,54º, dorsiflexão pé esquerdo=5,31º. Ergoespirometria: Aumento do tempo de tolerância ao exercício (TT) em 194%, PO2 em 50%, VO2 em 17% e economia energética relativa a 22% da FC. Conclusão: a estimulação elétrica da perna pode ser responsável por alterações na cinemática não só do tornozelo, mas de todo o membro inferior, influenciando o padrão da marcha e a condição cardiopulmonar do paciente com paralisia cerebral. </subfield>
</datafield>
<datafield tag="260" ind1=" " ind2=" ">
<subfield code="b">Faculdade de Medicina, Universidade de São Paulo</subfield>
</datafield>
<dataField tag="260" ind1=" " ind2=" ">
<subfield code="c">2011-03-09 00:00:00</subfield>
</dataField>   <datafield tag="856" ind1=" " ind2=" ">
<subfield code="q">application/pdf</subfield>
</datafield>
<datafield tag="856" ind1="4" ind2="0">
<subfield code="u">https://www.revistas.usp.br/actafisiatrica/article/view/103517</subfield>
</datafield>  <datafield tag="786" ind1="0" ind2=" ">
<subfield code="n">Acta Fisiátrica; v. 18 n. 1 (2011)</subfield>
</datafield>  <datafield tag="546" ind1=" " ind2=" ">
<subfield code="a">por</subfield>
</datafield>   <datafield tag="540" ind1=" " ind2=" ">
<subfield code="a">Copyright (c) 2011 Acta Fisiátrica</subfield>
</datafield>
</record>
</metadata>
</record>