
<record>
<header>
<identifier>oai:revistas.usp.br:article/103533</identifier>
<datestamp>2019-10-17T18:58:08Z</datestamp>
<setSpec>actafisiatrica:Art.+Orig.</setSpec>
<setSpec>driver</setSpec>
</header>
<metadata>
<record xmlns="http://www.loc.gov/MARC21/slim" xmlns:xsi="http://www.w3.org/2001/XMLSchema-instance" xsi:schemaLocation="http://www.loc.gov/MARC21/slim http://www.loc.gov/standards/marcxml/schema/MARC21slim.xsd">
<leader>     nmb a2200000Iu 4500</leader>
<controlfield tag="008">"110609 2011                        eng  "</controlfield>
<datafield tag="022" ind1="#" ind2="#">
<subfield code="$a">2317-0190</subfield>
</datafield>
<datafield tag="022" ind1="#" ind2="#">
<subfield code="$a">0104-7795</subfield>
</datafield>
<datafield tag="042" ind1=" " ind2=" ">
<subfield code="a">dc</subfield>
</datafield>
<datafield tag="245" ind1="0" ind2="0">
<subfield code="a">Avaliação do equilíbrio de pacientes com distrofia muscular de Duchenne</subfield>
</datafield>  <datafield tag="720" ind1="1" ind2=" ">
<subfield code="a">Alvarez, Mayra Priscila Boscolo</subfield>
</datafield>
<datafield tag="720" ind1="1" ind2=" ">
<subfield code="a">Fávero, Francis Meire</subfield>
<subfield code="u">Universidade Federal de São Paulo - UNIFESP</subfield></datafield>
<datafield tag="720" ind1="1" ind2=" ">
<subfield code="a">Sá, Cristina dos Santos Cardoso de</subfield>
<subfield code="u">Universidade Federal de São Paulo - UNIFESP</subfield></datafield>
<datafield tag="520" ind1=" " ind2=" ">
<subfield code="a"> A distrofia muscular de Duchenne (DMD) é uma doença genética que afeta apenas indivíduos do gênero masculino, causando fraqueza muscular progressiva. Avaliar o equilíbrio de pacientes com DMD deambuladores e comparar a participação da informação sensorial no ajuste postural destes pacientes. Dez pacientes, entre sete e quatorze anos de idade, diagnóstico DMD foram avaliados pelo teste de organização sensorial modificada (OSM) da posturografia dinâmica computadorizada. O teste OSM consiste na manutenção da posição bípede sem movimentação sobre uma plataforma em quatro condições distintas: (1) olhos abertos e plataforma fixa, (2) olhos fechados e plataforma fixa, (3) olhos abertos e plataforma móvel, (4) condição olhos fechados e plataforma móvel. Para a análise dos dados foi utilizada análise de variância para medidas repetidas (ANOVA) tendo como fator as condições de teste, e análise de contraste ajustada para múltiplas comparações (Teste de Tukey) no caso de comparações significativas. Não foram observadas diferenças significativas na área de excursão do centro de pressão nas diferentes condições de teste e no COPx e no COPy. Foi observada diferença significativa na VMx e na VMy entre as condições plataforma fixa/olhos abertos e plataforma móvel/olhos abertos, e entre as condições plataforma fixa/olhos fechados e plataforma móvel/olhos fechados. O teste OSM forneceu dados para a avaliação do equilíbrio desses pacientes, indicando que a privação dos sistemas somatossensorial e visual, em determinadas situações, não foi capaz de provocar grandes alterações de equilíbrio. Contudo, a velocidade do deslocamento do COP, que retrata o ajuste postural, é maior nas diferentes condições testadas.  </subfield>
</datafield>
<datafield tag="260" ind1=" " ind2=" ">
<subfield code="b">Faculdade de Medicina, Universidade de São Paulo</subfield>
</datafield>
<dataField tag="260" ind1=" " ind2=" ">
<subfield code="c">2011-06-09 00:00:00</subfield>
</dataField>   <datafield tag="856" ind1=" " ind2=" ">
<subfield code="q">application/pdf</subfield>
</datafield>
<datafield tag="856" ind1="4" ind2="0">
<subfield code="u">https://www.revistas.usp.br/actafisiatrica/article/view/103533</subfield>
</datafield>  <datafield tag="786" ind1="0" ind2=" ">
<subfield code="n">Acta Fisiátrica; v. 18 n. 2 (2011)</subfield>
</datafield>  <datafield tag="546" ind1=" " ind2=" ">
<subfield code="a">por</subfield>
</datafield>   <datafield tag="540" ind1=" " ind2=" ">
<subfield code="a">Copyright (c) 2011 Acta Fisiátrica</subfield>
</datafield>
</record>
</metadata>
</record>