
<record>
<header>
<identifier>oai:revistas.usp.br:article/103591</identifier>
<datestamp>2019-10-17T19:01:22Z</datestamp>
<setSpec>actafisiatrica:Art.+Orig.</setSpec>
<setSpec>driver</setSpec>
</header>
<metadata>
<record xmlns="http://www.loc.gov/MARC21/slim" xmlns:xsi="http://www.w3.org/2001/XMLSchema-instance" xsi:schemaLocation="http://www.loc.gov/MARC21/slim http://www.loc.gov/standards/marcxml/schema/MARC21slim.xsd">
<leader>     nmb a2200000Iu 4500</leader>
<controlfield tag="008">"110609 2011                        eng  "</controlfield>
<datafield tag="022" ind1="#" ind2="#">
<subfield code="$a">2317-0190</subfield>
</datafield>
<datafield tag="022" ind1="#" ind2="#">
<subfield code="$a">0104-7795</subfield>
</datafield>
<datafield tag="042" ind1=" " ind2=" ">
<subfield code="a">dc</subfield>
</datafield>
<datafield tag="245" ind1="0" ind2="0">
<subfield code="a">Estudo descritivo sobre o desempenho ocupacional do sujeito com epilepsia: o uso da CIF como ferramenta para classificação da atividade e participação</subfield>
</datafield>  <datafield tag="720" ind1="1" ind2=" ">
<subfield code="a">Nickel, Renato</subfield>
<subfield code="u">Universidade Federal do Paraná - UFPR</subfield></datafield>
<datafield tag="720" ind1="1" ind2=" ">
<subfield code="a">Souza, Joana Rostirolla Batista de</subfield>
<subfield code="u">Universidade Federal do Paraná - UFPR</subfield></datafield>
<datafield tag="720" ind1="1" ind2=" ">
<subfield code="a">Silveira, Nicolle Lucena da</subfield>
<subfield code="u">Universidade Federal do Paraná - UFPR</subfield></datafield>
<datafield tag="720" ind1="1" ind2=" ">
<subfield code="a">Robert, Cassiano</subfield>
<subfield code="u">Universidade Federal do Paraná - UFPR</subfield></datafield>
<datafield tag="720" ind1="1" ind2=" ">
<subfield code="a">Lima, Andressa Pereira</subfield>
<subfield code="u">Universidade Federal do Paraná - UFPR</subfield></datafield>
<datafield tag="520" ind1=" " ind2=" ">
<subfield code="a"> A literatura mostra que os sujeitos com Epilepsia apresentam dificuldades para o engajamento no desempenho de atividades em todos ou quase todos os aspectos da vida. Visando melhor compreender os problemas de desempenho ocupacional do sujeito com epilepsia, os objetivos desta pesquisa foram: avaliar e classificar, de acordo com a CIF, quais os problemas de desempenho ocupacional apresentados por sujeitos com Epilepsia e discutir os dados levantados de acordo com a literatura. Foram entrevistados 34 sujeitos, onde os principais problemas de desempenho relatados foram: Manter um emprego (d8451) com 18 queixas, Treinamento profissional (d825) e Deslocar-se por diferentes locais (d460), ambos com 15 queixas. Observou-se que os fatores determinantes para os problemas de desempenho encontrados são facilmente classificados na CIF e, suas limitações para atividades e restrições para participação estão em acordo com o modelo de saúde apresentado pela classificação, onde além das deficiências relacionadas às funções do corpo também os fatores ambientais e pessoais interferem na vida desses sujeitos. </subfield>
</datafield>
<datafield tag="260" ind1=" " ind2=" ">
<subfield code="b">Faculdade de Medicina, Universidade de São Paulo</subfield>
</datafield>
<dataField tag="260" ind1=" " ind2=" ">
<subfield code="c">2011-06-09 00:00:00</subfield>
</dataField>   <datafield tag="856" ind1=" " ind2=" ">
<subfield code="q">application/pdf</subfield>
</datafield>
<datafield tag="856" ind1="4" ind2="0">
<subfield code="u">https://www.revistas.usp.br/actafisiatrica/article/view/103591</subfield>
</datafield>  <datafield tag="786" ind1="0" ind2=" ">
<subfield code="n">Acta Fisiátrica; v. 18 n. 2 (2011)</subfield>
</datafield>  <datafield tag="546" ind1=" " ind2=" ">
<subfield code="a">por</subfield>
</datafield>   <datafield tag="540" ind1=" " ind2=" ">
<subfield code="a">Copyright (c) 2011 Acta Fisiátrica</subfield>
</datafield>
</record>
</metadata>
</record>