
<record>
<header>
<identifier>oai:revistas.usp.br:article/103599</identifier>
<datestamp>2019-10-17T19:09:01Z</datestamp>
<setSpec>actafisiatrica:Art.+Orig.</setSpec>
<setSpec>driver</setSpec>
</header>
<metadata>
<record xmlns="http://www.loc.gov/MARC21/slim" xmlns:xsi="http://www.w3.org/2001/XMLSchema-instance" xsi:schemaLocation="http://www.loc.gov/MARC21/slim http://www.loc.gov/standards/marcxml/schema/MARC21slim.xsd">
<leader>     nmb a2200000Iu 4500</leader>
<controlfield tag="008">"110609 2011                        eng  "</controlfield>
<datafield tag="022" ind1="#" ind2="#">
<subfield code="$a">2317-0190</subfield>
</datafield>
<datafield tag="022" ind1="#" ind2="#">
<subfield code="$a">0104-7795</subfield>
</datafield>
<datafield tag="042" ind1=" " ind2=" ">
<subfield code="a">dc</subfield>
</datafield>
<datafield tag="245" ind1="0" ind2="0">
<subfield code="a">Fatores associados à independência funcional de idosos residentes em instituição de longa permanência</subfield>
</datafield>  <datafield tag="720" ind1="1" ind2=" ">
<subfield code="a">Pereira, Fernanda Macedo</subfield>
<subfield code="u">Instituto de Ensino e Pesquisa Albert Einstein</subfield></datafield>
<datafield tag="720" ind1="1" ind2=" ">
<subfield code="a">Besse, Mariela</subfield>
<subfield code="u">Universidade Federal de São Paulo - UNIFESP</subfield></datafield>
<datafield tag="520" ind1=" " ind2=" ">
<subfield code="a"> O objetivo do estudo foi conhecer o perfil da independência funcional de idosos em uma instituição de longa permanência, através das associações entre as variáveis sociodemográficas (idade, gênero, escolaridade, e tempo de institucionalização) e as variáveis clínicas (motivo da internação, medicação, quantidade de doenças e hipótese diagnóstica), verificando se há impacto na independência funcional de acordo com o escore da MIF (medida de independência funcional) motora, cognitiva social e total. Realizou-se um estudo clínico quantitativo, do tipo descritivo analítico com corte transversal, retrospectivo por meio de investigação de fontes indiretas de dados (prontuários), no período de julho e agosto de 2010 numa instituição de longa permanência para idosos no município de São Paulo. Constatou-se que o maior grau de dependência funcional está associado aos idosos do sexo feminino, naqueles com idade superior ou igual a 80 anos, nos que têm escolaridade inferior a 8 anos, naqueles com 37 à 47 meses de institucionalização, nos que foram institucionalizados por vontade da família, naqueles que possuem de 7 à 9 doenças , nos que utilizam um número maior ou igual a 15 medicações e naqueles que sofrem de neoplasias. Concluiu-se que mais estudos devem ser realizados, para que se possa ampliar o conhecimento e obter mais clareza sobre a associação do processo de institucionalização da população idosa com os fatores associados à independência funcional. </subfield>
</datafield>
<datafield tag="260" ind1=" " ind2=" ">
<subfield code="b">Faculdade de Medicina, Universidade de São Paulo</subfield>
</datafield>
<dataField tag="260" ind1=" " ind2=" ">
<subfield code="c">2011-06-09 00:00:00</subfield>
</dataField>   <datafield tag="856" ind1=" " ind2=" ">
<subfield code="q">application/pdf</subfield>
</datafield>
<datafield tag="856" ind1="4" ind2="0">
<subfield code="u">https://www.revistas.usp.br/actafisiatrica/article/view/103599</subfield>
</datafield>  <datafield tag="786" ind1="0" ind2=" ">
<subfield code="n">Acta Fisiátrica; v. 18 n. 2 (2011)</subfield>
</datafield>  <datafield tag="546" ind1=" " ind2=" ">
<subfield code="a">por</subfield>
</datafield>   <datafield tag="540" ind1=" " ind2=" ">
<subfield code="a">Copyright (c) 2011 Acta Fisiátrica</subfield>
</datafield>
</record>
</metadata>
</record>