
<record>
<header>
<identifier>oai:revistas.usp.br:article/103610</identifier>
<datestamp>2019-10-17T19:12:46Z</datestamp>
<setSpec>actafisiatrica:Art.+Orig.</setSpec>
<setSpec>driver</setSpec>
</header>
<metadata>
<record xmlns="http://www.loc.gov/MARC21/slim" xmlns:xsi="http://www.w3.org/2001/XMLSchema-instance" xsi:schemaLocation="http://www.loc.gov/MARC21/slim http://www.loc.gov/standards/marcxml/schema/MARC21slim.xsd">
<leader>     nmb a2200000Iu 4500</leader>
<controlfield tag="008">"110609 2011                        eng  "</controlfield>
<datafield tag="022" ind1="#" ind2="#">
<subfield code="$a">2317-0190</subfield>
</datafield>
<datafield tag="022" ind1="#" ind2="#">
<subfield code="$a">0104-7795</subfield>
</datafield>
<datafield tag="042" ind1=" " ind2=" ">
<subfield code="a">dc</subfield>
</datafield>
<datafield tag="245" ind1="0" ind2="0">
<subfield code="a">Grupo de atividades de vida diária: influência do procedimento em pacientes adultos com acidente vascular encefálico isquêmico</subfield>
</datafield>  <datafield tag="720" ind1="1" ind2=" ">
<subfield code="a">Albuquerque, Camila Pontes</subfield>
<subfield code="u">Associação de Assistência à Criança Deficiente - AACD</subfield></datafield>
<datafield tag="720" ind1="1" ind2=" ">
<subfield code="a">Vitagliano, Eleanora</subfield>
<subfield code="u">Associação de Assistência à Criança Deficiente - AACD</subfield></datafield>
<datafield tag="720" ind1="1" ind2=" ">
<subfield code="a">Yamada, Juliana Yumi</subfield>
<subfield code="u">Associação de Assistência à Criança Deficiente - AACD</subfield></datafield>
<datafield tag="720" ind1="1" ind2=" ">
<subfield code="a">Fagundes, Carem</subfield>
<subfield code="u">Associação de Assistência à Criança Deficiente - AACD</subfield></datafield>
<datafield tag="720" ind1="1" ind2=" ">
<subfield code="a">Garcia, Rafael Eras</subfield>
<subfield code="u">Associação de Assistência à Criança Deficiente - AACD</subfield></datafield>
<datafield tag="720" ind1="1" ind2=" ">
<subfield code="a">Braga, Rebeca</subfield>
<subfield code="u">Associação de Assistência à Criança Deficiente - AACD</subfield></datafield>
<datafield tag="720" ind1="1" ind2=" ">
<subfield code="a">Carramenha, Renata Cristina Verri Bezerra</subfield>
<subfield code="u">Associação de Assistência à Criança Deficiente - AACD</subfield></datafield>
<datafield tag="720" ind1="1" ind2=" ">
<subfield code="a">Anjos, Sarah Monteiro dos</subfield>
<subfield code="u">Associação de Assistência à Criança Deficiente - AACD</subfield></datafield>
<datafield tag="720" ind1="1" ind2=" ">
<subfield code="a">Ferreira, Milene Silva</subfield>
<subfield code="u">Associação de Assistência à Criança Deficiente - AACD</subfield></datafield>
<datafield tag="720" ind1="1" ind2=" ">
<subfield code="a">Gaspar, Alexandra Passos</subfield>
<subfield code="u">Associação de Assistência à Criança Deficiente - AACD</subfield></datafield>
<datafield tag="520" ind1=" " ind2=" ">
<subfield code="a"> O acidente vascular encefálico (AVE) pode gerar seqüelas motoras acarretando dificuldades em vários aspectos funcionais da vida diária do indivíduo. O terapeuta ocupacional pode intervir com essa população, com o objetivo de diminuir as limitações adquiridas. Uma das modalidades de tratamento é o atendimento em grupo, em função da riqueza das trocas existentes no mesmo. Este estudo visou analisar os resultados do procedimento do grupo de Atividades de Vida Diária (AVDs) composto por pacientes com seqüelas de AVE isquêmico. Foram incluídos 10 sujeitos com seqüelas de AVE isquêmico, que participaram do grupo de AVDs, sendo os mesmos avaliados por meio da HAQ (Health Assessment Questionnaire) e da FAQ (Functional Activities Questionnaire), em dois momentos pré e pós intervenção. Para a análise dos dados foi utilizado o teste Wilcoxon com p ≤ 0,05. Após análise de resultados pré e pós intervenção verificou-se diferença significativa para ambos os instrumentos de avaliação (HAQ p=0.001 e FAQ p=0,0117). O estudo mostrou a eficácia do procedimento - grupo de AVDs, composto por sujeitos com sequelas de AVE isquêmico em fase crônica, através da mensuração dos ganhos funcionais obtidos pela HAQ e FAQ. Estudos com um número maior de pacientes são necessários para uma maior generalização das conclusões. </subfield>
</datafield>
<datafield tag="260" ind1=" " ind2=" ">
<subfield code="b">Faculdade de Medicina, Universidade de São Paulo</subfield>
</datafield>
<dataField tag="260" ind1=" " ind2=" ">
<subfield code="c">2011-06-09 00:00:00</subfield>
</dataField>   <datafield tag="856" ind1=" " ind2=" ">
<subfield code="q">application/pdf</subfield>
</datafield>
<datafield tag="856" ind1="4" ind2="0">
<subfield code="u">https://www.revistas.usp.br/actafisiatrica/article/view/103610</subfield>
</datafield>  <datafield tag="786" ind1="0" ind2=" ">
<subfield code="n">Acta Fisiátrica; v. 18 n. 2 (2011)</subfield>
</datafield>  <datafield tag="546" ind1=" " ind2=" ">
<subfield code="a">por</subfield>
</datafield>   <datafield tag="540" ind1=" " ind2=" ">
<subfield code="a">Copyright (c) 2011 Acta Fisiátrica</subfield>
</datafield>
</record>
</metadata>
</record>