
<record>
<header>
<identifier>oai:revistas.usp.br:article/103618</identifier>
<datestamp>2019-10-17T19:26:43Z</datestamp>
<setSpec>actafisiatrica:Art.+Orig.</setSpec>
<setSpec>driver</setSpec>
</header>
<metadata>
<record xmlns="http://www.loc.gov/MARC21/slim" xmlns:xsi="http://www.w3.org/2001/XMLSchema-instance" xsi:schemaLocation="http://www.loc.gov/MARC21/slim http://www.loc.gov/standards/marcxml/schema/MARC21slim.xsd">
<leader>     nmb a2200000Iu 4500</leader>
<controlfield tag="008">"110609 2011                        eng  "</controlfield>
<datafield tag="022" ind1="#" ind2="#">
<subfield code="$a">2317-0190</subfield>
</datafield>
<datafield tag="022" ind1="#" ind2="#">
<subfield code="$a">0104-7795</subfield>
</datafield>
<datafield tag="042" ind1=" " ind2=" ">
<subfield code="a">dc</subfield>
</datafield>
<datafield tag="245" ind1="0" ind2="0">
<subfield code="a">Relação entre a força de preensão palmar e a espasticidade em pacientes hemiparéticos após acidente vascular cerebral</subfield>
</datafield>  <datafield tag="720" ind1="1" ind2=" ">
<subfield code="a">Paz, Leonardo Petrus da Silva</subfield>
<subfield code="u">Hospital Regional de Santa Maria - HRSM</subfield></datafield>
<datafield tag="720" ind1="1" ind2=" ">
<subfield code="a">Marães, Vera Regina Fernandes da Silva</subfield>
<subfield code="u">Universidade de Brasília - UnB</subfield></datafield>
<datafield tag="720" ind1="1" ind2=" ">
<subfield code="a">Borges, Guilherme</subfield>
<subfield code="u">Universidade Estadual de Campinas - UNICAMP</subfield></datafield>
<datafield tag="520" ind1=" " ind2=" ">
<subfield code="a"> O objetivo deste trabalho foi investigar a relação entre a força muscular isométrica máxima de preensão e a espasticidade de músculos da extremidade superior parética. Foram incluídos 33 pacientes com diagnóstico clínico de Acidente Vascular Cerebral (AVC) em diferentes estágios de recuperação sensório-motora, de ambos os sexos com média de idade de 50,84 (±13,69 anos) e que foram atendidos no Hospital das Clínicas de Campinas-SP ou centros de reabilitação. Em estudo descritivo transversal foram colhidos em sessão única os seguintes dados: a)-força isométrica máxima de preensão, utilizando-se dinamômetro hidráulico em três tentativas alternadas para cada membro; b) grau de espasticidade graduado por meio da escala de tônus de Ashworth de 8 grupos músculos da extremidade superior parética (AS). Houve apenas uma fraca correlação entre a força muscular e o tônus muscular dos músculos avaliados, incluindo músculos flexores dos dedos, adutores de polegar e flexores de cotovelo (r&lt;0,60). Estes dados sugerem que o dinamômetro hidráulico pode ser utilizado para mensuração de força muscular em pacientes com preensão débil conforme protocolo apresentado.  </subfield>
</datafield>
<datafield tag="260" ind1=" " ind2=" ">
<subfield code="b">Faculdade de Medicina, Universidade de São Paulo</subfield>
</datafield>
<dataField tag="260" ind1=" " ind2=" ">
<subfield code="c">2011-06-09 00:00:00</subfield>
</dataField>   <datafield tag="856" ind1=" " ind2=" ">
<subfield code="q">application/pdf</subfield>
</datafield>
<datafield tag="856" ind1="4" ind2="0">
<subfield code="u">https://www.revistas.usp.br/actafisiatrica/article/view/103618</subfield>
</datafield>  <datafield tag="786" ind1="0" ind2=" ">
<subfield code="n">Acta Fisiátrica; v. 18 n. 2 (2011)</subfield>
</datafield>  <datafield tag="546" ind1=" " ind2=" ">
<subfield code="a">por</subfield>
</datafield>   <datafield tag="540" ind1=" " ind2=" ">
<subfield code="a">Copyright (c) 2011 Acta Fisiátrica</subfield>
</datafield>
</record>
</metadata>
</record>