
<record>
<header>
<identifier>oai:revistas.usp.br:article/103622</identifier>
<datestamp>2019-10-17T19:30:51Z</datestamp>
<setSpec>actafisiatrica:Art.+Rev.</setSpec>
<setSpec>driver</setSpec>
</header>
<metadata>
<record xmlns="http://www.loc.gov/MARC21/slim" xmlns:xsi="http://www.w3.org/2001/XMLSchema-instance" xsi:schemaLocation="http://www.loc.gov/MARC21/slim http://www.loc.gov/standards/marcxml/schema/MARC21slim.xsd">
<leader>     nmb a2200000Iu 4500</leader>
<controlfield tag="008">"110609 2011                        eng  "</controlfield>
<datafield tag="022" ind1="#" ind2="#">
<subfield code="$a">2317-0190</subfield>
</datafield>
<datafield tag="022" ind1="#" ind2="#">
<subfield code="$a">0104-7795</subfield>
</datafield>
<datafield tag="042" ind1=" " ind2=" ">
<subfield code="a">dc</subfield>
</datafield>
<datafield tag="245" ind1="0" ind2="0">
<subfield code="a">Características biomecânicas da articulação escapulotorácica no retorno da elevação dos membros superiores: uma revisão da literatura</subfield>
</datafield>  <datafield tag="720" ind1="1" ind2=" ">
<subfield code="a">Cota, Eva Guedes</subfield>
<subfield code="u">Universidade Federal de Minas Gerais - UFMG</subfield></datafield>
<datafield tag="720" ind1="1" ind2=" ">
<subfield code="a">Faria, Christina Danielli Coelho de Morais</subfield>
<subfield code="u">Universidade Federal de Minas Gerais - UFMG</subfield><subfield code="0">https://orcid.org/0000-0001-9784-9729</subfield></datafield>
<datafield tag="520" ind1=" " ind2=" ">
<subfield code="a"> O objetivo deste estudo foi realizar uma revisão da literatura sobre as características biomecânicas da articulação escapulotorácica no retorno da elevação dos MMSS em indivíduos saudáveis e com disfunções no complexo articular do ombro. Para isso, foram realizadas pesquisas nas bases de dados MedLine (PubMed), LILACS, Scielo e PEDRo seguida de busca manual e, após análise de um total de 232 estudos encontrados, 14 foram selecionados por atenderam aos critérios de inclusão previamente estabelecidos. Desses, oito investigaram características cinemáticas, seis características eletromiográficas, sendo que dois estudos investigaram as duas características associadas e apenas dois apresentaram resultados relacionados a indivíduos com disfunções no complexo articular do ombro. Os resultados desses estudos demonstraram que, durante o retorno, os movimentos tridimensionais da articulação escapulotorácica envolvem a combinação de rotação inferior (eixo perpendicular ao plano da escápula), inclinação anterior (eixo medial-lateral) e rotação interna (eixo vertical) seja o retorno realizado no plano frontal (retorno da abdução), sagital (retorno da flexão) ou no plano escapular. Dessa forma, o retorno da elevação dos MMSS resulta em reversão dos movimentos escapulotorácicos que ocorrem durante a elevação, mas apresenta diferenças significativas nas posições angulares da articulação escapulotorácica em relação à elevação, principalmente para os movimentos de rotação interna e inclinação anterior. A escassez de estudos que avaliaram as características biomecânicas da articulação escapulototácica em indivíduos com disfunções no complexo articular do ombro limita a compreensão da cinemática e atividade muscular nessa população específica. </subfield>
</datafield>
<datafield tag="260" ind1=" " ind2=" ">
<subfield code="b">Faculdade de Medicina, Universidade de São Paulo</subfield>
</datafield>
<dataField tag="260" ind1=" " ind2=" ">
<subfield code="c">2011-06-09 00:00:00</subfield>
</dataField>   <datafield tag="856" ind1=" " ind2=" ">
<subfield code="q">application/pdf</subfield>
</datafield>
<datafield tag="856" ind1="4" ind2="0">
<subfield code="u">https://www.revistas.usp.br/actafisiatrica/article/view/103622</subfield>
</datafield>  <datafield tag="786" ind1="0" ind2=" ">
<subfield code="n">Acta Fisiátrica; v. 18 n. 2 (2011)</subfield>
</datafield>  <datafield tag="546" ind1=" " ind2=" ">
<subfield code="a">por</subfield>
</datafield>   <datafield tag="540" ind1=" " ind2=" ">
<subfield code="a">Copyright (c) 2011 Acta Fisiátrica</subfield>
</datafield>
</record>
</metadata>
</record>