
<record>
<header>
<identifier>oai:revistas.usp.br:article/103625</identifier>
<datestamp>2019-10-17T19:35:36Z</datestamp>
<setSpec>actafisiatrica:Art.+Rev.</setSpec>
<setSpec>driver</setSpec>
</header>
<metadata>
<record xmlns="http://www.loc.gov/MARC21/slim" xmlns:xsi="http://www.w3.org/2001/XMLSchema-instance" xsi:schemaLocation="http://www.loc.gov/MARC21/slim http://www.loc.gov/standards/marcxml/schema/MARC21slim.xsd">
<leader>     nmb a2200000Iu 4500</leader>
<controlfield tag="008">"110609 2011                        eng  "</controlfield>
<datafield tag="022" ind1="#" ind2="#">
<subfield code="$a">2317-0190</subfield>
</datafield>
<datafield tag="022" ind1="#" ind2="#">
<subfield code="$a">0104-7795</subfield>
</datafield>
<datafield tag="042" ind1=" " ind2=" ">
<subfield code="a">dc</subfield>
</datafield>
<datafield tag="245" ind1="0" ind2="0">
<subfield code="a">Treinamento resistido como intervenção na reabilitação em pacientes com lesão medular: uma revisão de literatura</subfield>
</datafield>  <datafield tag="720" ind1="1" ind2=" ">
<subfield code="a">Ribeiro Neto, Frederico</subfield>
<subfield code="u">Universidade de Brasília - UnB</subfield></datafield>
<datafield tag="720" ind1="1" ind2=" ">
<subfield code="a">Gentil, Paulo</subfield>
<subfield code="u">Universidade de Brasília - UnB</subfield></datafield>
<datafield tag="520" ind1=" " ind2=" ">
<subfield code="a"> Objetivo: Analisar os indícios na literatura sobre os efeitos do treinamento resistido como forma de intervenção na reabilitação de pacientes com lesão medular traumática ao longo do tempo. Método: Fontes das informações: uma busca sistematizada da literatura em cinco bancos de dados (MEDLINE, LILACS, SciELO, IBECS e Biblioteca Cochrane) foi realizada até agosto de 2010. Resultados: Foram encontrados 16 artigos que preencheram os critérios de inclusão. Nenhum encontrou qualquer tipo de prejuízo ou lesão para essa população. Oito estudos avaliaram o VO2 e detectaram melhoras significativas entre 10% e 30%. Força e potência foram verificadas em dez estudos, mas a magnitude variou de forma distinta (8% a 34% e 6% a 81%, respectivamente). A análise da resposta favorável do treinamento resistido relacionada com escalas funcionais (FIM, WISCI, WUSPI e Berg) ou com velocidade de marcha ocorreu em três investigações. Conclusões: Em todos os artigos analisados, as respostas decorrentes da intervenção foram positivas e favoráveis à melhora física e funcional aumentando, conseqüentemente, a independência nas atividades diárias. Os autores sugerem a inclusão do treinamento resistido sistematizado na reabilitação de acordo com a demanda diária do indivíduo em prol de um ganho funcional, prevenção de lesões, melhora da saúde e da qualidade de vida. </subfield>
</datafield>
<datafield tag="260" ind1=" " ind2=" ">
<subfield code="b">Faculdade de Medicina, Universidade de São Paulo</subfield>
</datafield>
<dataField tag="260" ind1=" " ind2=" ">
<subfield code="c">2011-06-09 00:00:00</subfield>
</dataField>   <datafield tag="856" ind1=" " ind2=" ">
<subfield code="q">application/pdf</subfield>
</datafield>
<datafield tag="856" ind1="4" ind2="0">
<subfield code="u">https://www.revistas.usp.br/actafisiatrica/article/view/103625</subfield>
</datafield>  <datafield tag="786" ind1="0" ind2=" ">
<subfield code="n">Acta Fisiátrica; v. 18 n. 2 (2011)</subfield>
</datafield>  <datafield tag="546" ind1=" " ind2=" ">
<subfield code="a">por</subfield>
</datafield>   <datafield tag="540" ind1=" " ind2=" ">
<subfield code="a">Copyright (c) 2011 Acta Fisiátrica</subfield>
</datafield>
</record>
</metadata>
</record>