
<record>
<header>
<identifier>oai:revistas.usp.br:article/103627</identifier>
<datestamp>2019-10-17T19:38:33Z</datestamp>
<setSpec>actafisiatrica:Rel.+Caso</setSpec>
<setSpec>driver</setSpec>
</header>
<metadata>
<record xmlns="http://www.loc.gov/MARC21/slim" xmlns:xsi="http://www.w3.org/2001/XMLSchema-instance" xsi:schemaLocation="http://www.loc.gov/MARC21/slim http://www.loc.gov/standards/marcxml/schema/MARC21slim.xsd">
<leader>     nmb a2200000Iu 4500</leader>
<controlfield tag="008">"110609 2011                        eng  "</controlfield>
<datafield tag="022" ind1="#" ind2="#">
<subfield code="$a">2317-0190</subfield>
</datafield>
<datafield tag="022" ind1="#" ind2="#">
<subfield code="$a">0104-7795</subfield>
</datafield>
<datafield tag="042" ind1=" " ind2=" ">
<subfield code="a">dc</subfield>
</datafield>
<datafield tag="245" ind1="0" ind2="0">
<subfield code="a">Habilidades funcionais de criança com Síndrome da Imunodeficiência Adquirida</subfield>
</datafield>  <datafield tag="720" ind1="1" ind2=" ">
<subfield code="a">Pereira, Amanda Polin</subfield>
<subfield code="u">Universidade de São Paulo. Faculdade de Medicina de Ribeirão Preto</subfield></datafield>
<datafield tag="720" ind1="1" ind2=" ">
<subfield code="a">Silva, Daniela Baleroni Rodrigues</subfield>
<subfield code="u">Universidade de São Paulo. Faculdade de Medicina de Ribeirão Preto</subfield></datafield>
<datafield tag="720" ind1="1" ind2=" ">
<subfield code="a">Pfeifer, Luzia Iara</subfield>
<subfield code="u">Universidade de São Paulo.  Faculdade de Medicina de Ribeirão Preto</subfield><subfield code="0">https://orcid.org/0000-0002-1826-1968</subfield></datafield>
<datafield tag="720" ind1="1" ind2=" ">
<subfield code="a">Panuncio-Pinto, Maria Paula</subfield>
<subfield code="u">Universidade de São Paulo.  Faculdade de Medicina de Ribeirão Preto</subfield></datafield>
<datafield tag="520" ind1=" " ind2=" ">
<subfield code="a"> A encefalopatia associada ao vírus da imunodeficiência humana é uma conseqüência importante das infecções neurológicas que atingem crianças com a síndrome da imunodeficiência adquirida. Tal conseqüência pode gerar perdas no desenvolvimento neuropsicomotor levando a dificuldades em atividades fundamentais para a independência da criança. O objetivo do estudo é descrever os ganhos funcionais nas áreas de auto-cuidado e mobilidade de uma criança com síndrome da imunodeficiência adquirida. Foi aplicado junto ao cuidador da criança o Inventário de Avaliação Pediátrica de Incapacidade (PEDI), antes e após o processo de reabilitação com intervalo de 12 meses. Os resultados demonstram que houve melhora funcional nos aspectos avaliados. Na área de auto-cuidado houve alteração de escores de 53,65 na primeira avaliação para 60,06 na segunda avaliação. Na área de mobilidade a criança passou de um escore de 24,29 para 38,66. Os resultados sugerem que as estratégias utilizadas no processo de reabilitação, bem como atuação da equipe multidisciplinar permitiram o desenvolvimento de habilidades para melhor desempenho ocupacional da criança. </subfield>
</datafield>
<datafield tag="260" ind1=" " ind2=" ">
<subfield code="b">Faculdade de Medicina, Universidade de São Paulo</subfield>
</datafield>
<dataField tag="260" ind1=" " ind2=" ">
<subfield code="c">2011-06-09 00:00:00</subfield>
</dataField>   <datafield tag="856" ind1=" " ind2=" ">
<subfield code="q">application/pdf</subfield>
</datafield>
<datafield tag="856" ind1="4" ind2="0">
<subfield code="u">https://www.revistas.usp.br/actafisiatrica/article/view/103627</subfield>
</datafield>  <datafield tag="786" ind1="0" ind2=" ">
<subfield code="n">Acta Fisiátrica; v. 18 n. 2 (2011)</subfield>
</datafield>  <datafield tag="546" ind1=" " ind2=" ">
<subfield code="a">por</subfield>
</datafield>   <datafield tag="540" ind1=" " ind2=" ">
<subfield code="a">Copyright (c) 2011 Acta Fisiátrica</subfield>
</datafield>
</record>
</metadata>
</record>