
<record>
<header>
<identifier>oai:revistas.usp.br:article/103628</identifier>
<datestamp>2019-10-17T19:41:29Z</datestamp>
<setSpec>actafisiatrica:Rel.+Caso</setSpec>
<setSpec>driver</setSpec>
</header>
<metadata>
<record xmlns="http://www.loc.gov/MARC21/slim" xmlns:xsi="http://www.w3.org/2001/XMLSchema-instance" xsi:schemaLocation="http://www.loc.gov/MARC21/slim http://www.loc.gov/standards/marcxml/schema/MARC21slim.xsd">
<leader>     nmb a2200000Iu 4500</leader>
<controlfield tag="008">"110609 2011                        eng  "</controlfield>
<datafield tag="022" ind1="#" ind2="#">
<subfield code="$a">2317-0190</subfield>
</datafield>
<datafield tag="022" ind1="#" ind2="#">
<subfield code="$a">0104-7795</subfield>
</datafield>
<datafield tag="042" ind1=" " ind2=" ">
<subfield code="a">dc</subfield>
</datafield>
<datafield tag="245" ind1="0" ind2="0">
<subfield code="a">Treino de força muscular de membros superiores orientado à tarefa na distrofia miotônica do tipo 1: estudo de caso</subfield>
</datafield>  <datafield tag="720" ind1="1" ind2=" ">
<subfield code="a">Martini, Joyce</subfield>
<subfield code="u">Universidade Federal de São Paulo - UNIFESP</subfield></datafield>
<datafield tag="720" ind1="1" ind2=" ">
<subfield code="a">Oliveira, Camila Quel de</subfield>
<subfield code="u">Universidade Federal de São Paulo - UNIFESP</subfield></datafield>
<datafield tag="720" ind1="1" ind2=" ">
<subfield code="a">Borges, Heloise Cazangi</subfield>
<subfield code="u">Universidade Federal de São Paulo - UNIFESP</subfield></datafield>
<datafield tag="720" ind1="1" ind2=" ">
<subfield code="a">Chamlian, Therezinha Rosane</subfield>
<subfield code="u">Universidade Federal de São Paulo - UNIFESP</subfield></datafield>
<datafield tag="520" ind1=" " ind2=" ">
<subfield code="a"> O objetivo do presente estudo foi verificar os efeitos do treino de força muscular dos membros superiores a partir da abordagem orientada à tarefa, com relação à força muscular, à funcionalidade e à qualidade de vida de um indivíduo adulto com distrofia miotônica do tipo1. Foi realizado um treino de força muscular submáximo (60% da resistência máxima), na freqüência de três terapias semanais, num período de 16 semanas, constituído de três avaliações, a inicial, a final e a de seguimento de um mês do término do protocolo, com base na Medical Research Council scale (MRC), no Total Muscle Score (TMS), na Medida de Função Motora (MFM) e na versão brasileira do questionário de qualidade de vida SF-36. Com relação à força muscular, houve um incremento de 5% no TMS. Na funcionalidade, a MFM apresentou um acréscimo de 1,04% na avaliação final, o qual se perdurou na avaliação de seguimento. Na SF-36, o participante apresentou um acréscimo de 2,12% na segunda avaliação, retornando à pontuação inicial após um mês do protocolo; porém no domínio de capacidade funcional manteve-se o aumento de 20%. O treino de força muscular submáximo orientado à tarefa mostrou-se benéfico com base na força muscular e no domínio de capacidade funcional do questionário de qualidade de vida; porém denotou restrita variação quantitativa no âmbito da funcionalidade. </subfield>
</datafield>
<datafield tag="260" ind1=" " ind2=" ">
<subfield code="b">Faculdade de Medicina, Universidade de São Paulo</subfield>
</datafield>
<dataField tag="260" ind1=" " ind2=" ">
<subfield code="c">2011-06-09 00:00:00</subfield>
</dataField>   <datafield tag="856" ind1=" " ind2=" ">
<subfield code="q">application/pdf</subfield>
</datafield>
<datafield tag="856" ind1="4" ind2="0">
<subfield code="u">https://www.revistas.usp.br/actafisiatrica/article/view/103628</subfield>
</datafield>  <datafield tag="786" ind1="0" ind2=" ">
<subfield code="n">Acta Fisiátrica; v. 18 n. 2 (2011)</subfield>
</datafield>  <datafield tag="546" ind1=" " ind2=" ">
<subfield code="a">por</subfield>
</datafield>   <datafield tag="540" ind1=" " ind2=" ">
<subfield code="a">Copyright (c) 2011 Acta Fisiátrica</subfield>
</datafield>
</record>
</metadata>
</record>