
<record>
<header>
<identifier>oai:revistas.usp.br:article/103632</identifier>
<datestamp>2019-10-17T17:32:06Z</datestamp>
<setSpec>actafisiatrica:Art.+Orig.</setSpec>
<setSpec>driver</setSpec>
</header>
<metadata>
<record xmlns="http://www.loc.gov/MARC21/slim" xmlns:xsi="http://www.w3.org/2001/XMLSchema-instance" xsi:schemaLocation="http://www.loc.gov/MARC21/slim http://www.loc.gov/standards/marcxml/schema/MARC21slim.xsd">
<leader>     nmb a2200000Iu 4500</leader>
<controlfield tag="008">"110909 2011                        eng  "</controlfield>
<datafield tag="022" ind1="#" ind2="#">
<subfield code="$a">2317-0190</subfield>
</datafield>
<datafield tag="022" ind1="#" ind2="#">
<subfield code="$a">0104-7795</subfield>
</datafield>
<datafield tag="042" ind1=" " ind2=" ">
<subfield code="a">dc</subfield>
</datafield>
<datafield tag="245" ind1="0" ind2="0">
<subfield code="a">O impacto da cifose congênita nas habilidades de autocuidado na mielomeningocele de nível torácico</subfield>
</datafield>  <datafield tag="720" ind1="1" ind2=" ">
<subfield code="a">Cruz, Daniel Marinho Cezar da</subfield>
<subfield code="u">Universidade Federal de São Carlos - UFSCar</subfield></datafield>
<datafield tag="720" ind1="1" ind2=" ">
<subfield code="a">Martins, Mariane Aparecida Almenara Maricato</subfield>
<subfield code="u">Assistência à Criança Deficiente‎ - AACD</subfield></datafield>
<datafield tag="720" ind1="1" ind2=" ">
<subfield code="a">Navarro, Aline Stoeterau</subfield>
<subfield code="u">Assistência à Criança Deficiente‎ - AACD</subfield></datafield>
<datafield tag="720" ind1="1" ind2=" ">
<subfield code="a">Andreotti, Ana Luiza Console</subfield>
<subfield code="u">Universidade de São Paulo. Instituto de Psicologia</subfield></datafield>
<datafield tag="720" ind1="1" ind2=" ">
<subfield code="a">Oliveira, Maria Cristina de</subfield>
<subfield code="u">Consultório de Terapia Ocupacional Infantil</subfield></datafield>
<datafield tag="520" ind1=" " ind2=" ">
<subfield code="a"> Este estudo teve por objetivos: comparar o desempenho no autocuidado de crianças com mielomeningocele em relação ao de crianças típicas, identificar o impacto da cifose congênita nesta área e investigar possíveis correlações entre as tarefas de autocuidado pesquisadas. Métodos e resultados: A amostra foi composta de 30 crianças com mielomeningocele divididas em 2 grupos (com e sem cifose congênita) com média de idade 54,73 meses. Os dados foram coletados através da versão brasileira do Inventário de Avaliação Pediátrica de Incapacidade. Os resultados indicaram déficit funcional em todas as crianças (escore&lt;30) e diferenças significativas entre os grupos (p&lt;0,01) com pontuações inferiores na presença de cifose nas tarefas de higiene oral, banho, fechos, entre outras. A análise inter-itens indicou que, para esta amostra, há associação entre algumas das tarefas de autocuidado com baixa pontuação. Conclusão: A mielomeningocele repercute em atraso funcional, e este é maior quando acompanhado de cifose congênita. Este tipo de informação é essencial para o planejamento de programas de reabilitação com enfoque para a independência dessas crianças nas atividades da vida diária. </subfield>
</datafield>
<datafield tag="260" ind1=" " ind2=" ">
<subfield code="b">Faculdade de Medicina, Universidade de São Paulo</subfield>
</datafield>
<dataField tag="260" ind1=" " ind2=" ">
<subfield code="c">2011-09-09 00:00:00</subfield>
</dataField>   <datafield tag="856" ind1=" " ind2=" ">
<subfield code="q">application/pdf</subfield>
</datafield>
<datafield tag="856" ind1="4" ind2="0">
<subfield code="u">https://www.revistas.usp.br/actafisiatrica/article/view/103632</subfield>
</datafield>  <datafield tag="786" ind1="0" ind2=" ">
<subfield code="n">Acta Fisiátrica; v. 18 n. 3 (2011)</subfield>
</datafield>  <datafield tag="546" ind1=" " ind2=" ">
<subfield code="a">por</subfield>
</datafield>   <datafield tag="540" ind1=" " ind2=" ">
<subfield code="a">Copyright (c) 2011 Acta Fisiátrica</subfield>
</datafield>
</record>
</metadata>
</record>