
<record>
<header>
<identifier>oai:revistas.usp.br:article/103634</identifier>
<datestamp>2019-10-17T17:45:28Z</datestamp>
<setSpec>actafisiatrica:Art.+Orig.</setSpec>
<setSpec>driver</setSpec>
</header>
<metadata>
<record xmlns="http://www.loc.gov/MARC21/slim" xmlns:xsi="http://www.w3.org/2001/XMLSchema-instance" xsi:schemaLocation="http://www.loc.gov/MARC21/slim http://www.loc.gov/standards/marcxml/schema/MARC21slim.xsd">
<leader>     nmb a2200000Iu 4500</leader>
<controlfield tag="008">"110909 2011                        eng  "</controlfield>
<datafield tag="022" ind1="#" ind2="#">
<subfield code="$a">2317-0190</subfield>
</datafield>
<datafield tag="022" ind1="#" ind2="#">
<subfield code="$a">0104-7795</subfield>
</datafield>
<datafield tag="042" ind1=" " ind2=" ">
<subfield code="a">dc</subfield>
</datafield>
<datafield tag="245" ind1="0" ind2="0">
<subfield code="a">A funcionalidade de usuários acometidos por AVE em conformidade com a acessibilidade à reabilitação</subfield>
</datafield>  <datafield tag="720" ind1="1" ind2=" ">
<subfield code="a">Lucena, Eleazar Marinho de Freitas</subfield>
<subfield code="u">Universidade Federal da Paraíba - UFPB</subfield></datafield>
<datafield tag="720" ind1="1" ind2=" ">
<subfield code="a">Morais, Jairo Domingos de</subfield>
<subfield code="u">Universidade Federal da Paraíba - UFPB</subfield></datafield>
<datafield tag="720" ind1="1" ind2=" ">
<subfield code="a">Batista, Hermínio Rafael Lopes</subfield>
<subfield code="u">Universidade Federal da Paraíba - UFPB</subfield></datafield>
<datafield tag="720" ind1="1" ind2=" ">
<subfield code="a">Mendes, Luciana Moura</subfield>
<subfield code="u">Universidade Federal da Paraíba - UFPB</subfield></datafield>
<datafield tag="720" ind1="1" ind2=" ">
<subfield code="a">Silva, Kátia Suely Queiroz Ribeiro</subfield>
<subfield code="u">Universidade Federal da Paraíba - UFPB</subfield></datafield>
<datafield tag="720" ind1="1" ind2=" ">
<subfield code="a">Neves, Robson da Fonseca</subfield>
<subfield code="u">Universidade Federal da Paraíba - UFPB</subfield></datafield>
<datafield tag="720" ind1="1" ind2=" ">
<subfield code="a">Brito, Geraldo Eduardo Guedes</subfield>
<subfield code="u">Universidade Federal da Paraíba - UFPB</subfield></datafield>
<datafield tag="520" ind1=" " ind2=" ">
<subfield code="a"> O Acidente Vascular Encefálico (AVE) é uma doença crônico-degenerativa e representa um desafio tanto pelo impacto social, quanto pelas repercussões na vida das pessoas, pois, quando não letal, o AVE geralmente provoca graves repercussões para o indivíduo, a família e a sociedade. O presente estudo tem como objetivo descrever e analisar a funcionalidade dos usuários com AVE, adscritos na área de cobertura das Equipes de Saúde da Família do município de João Pessoa, em conformidade com o acessibilidade que tenham tido à reabilitação. Trata-se de um estudo transversal de base populacional com amostra de 140 indivíduos com idade acima de 18 anos, acometidos por AVE no período entre os anos de 2006 e 2010. As variáveis descritivas foram aquelas que identificam os sujeitos da amostra e caracterizam o AVE clinicamente. Para avaliar a funcionalidade dos sujeitos utilizou-se o domínio Atividade e Participação da Classificação Internacional de Funcionalidade, Incapacidade e Saúde (CIF). A associação das categorias de atividade e participação com a acessibilidade à reabilitação foi verificada por meio do teste Qui-Quadrado com nível de significância de 5%. Constatou-se maior comprometimento nas categorias Uso fino da mão, Recreação e Lazer, Deslocar-se e Fala no grupo dos participantes que tiveram acessibilidade aos serviços de reabilitação, indicando que a dificuldade nestas atividades provoca no individuo a necessidade de inserção nos serviços destinados a reabilitação. Este estudo demonstrou que a maioria dos pacientes pós-AVE apresenta consequências crônicas em suas funções corporais, predispondo a necessidade de inserção contínua nos serviços de reabilitação para maximizar a funcionalidade nas atividades cotidianas e facilitar a participação social. </subfield>
</datafield>
<datafield tag="260" ind1=" " ind2=" ">
<subfield code="b">Faculdade de Medicina, Universidade de São Paulo</subfield>
</datafield>
<dataField tag="260" ind1=" " ind2=" ">
<subfield code="c">2011-09-09 00:00:00</subfield>
</dataField>   <datafield tag="856" ind1=" " ind2=" ">
<subfield code="q">application/pdf</subfield>
</datafield>
<datafield tag="856" ind1="4" ind2="0">
<subfield code="u">https://www.revistas.usp.br/actafisiatrica/article/view/103634</subfield>
</datafield>  <datafield tag="786" ind1="0" ind2=" ">
<subfield code="n">Acta Fisiátrica; v. 18 n. 3 (2011)</subfield>
</datafield>  <datafield tag="546" ind1=" " ind2=" ">
<subfield code="a">por</subfield>
</datafield>   <datafield tag="540" ind1=" " ind2=" ">
<subfield code="a">Copyright (c) 2011 Acta Fisiátrica</subfield>
</datafield>
</record>
</metadata>
</record>