
<record>
<header>
<identifier>oai:revistas.usp.br:article/103635</identifier>
<datestamp>2017-11-27T11:13:20Z</datestamp>
<setSpec>actafisiatrica:Art.+Orig.</setSpec>
<setSpec>driver</setSpec>
</header>
<metadata>
<record xmlns="http://www.loc.gov/MARC21/slim" xmlns:xsi="http://www.w3.org/2001/XMLSchema-instance" xsi:schemaLocation="http://www.loc.gov/MARC21/slim http://www.loc.gov/standards/marcxml/schema/MARC21slim.xsd">
<leader>     nmb a2200000Iu 4500</leader>
<controlfield tag="008">"110909 2011                        eng  "</controlfield>
<datafield tag="022" ind1="#" ind2="#">
<subfield code="$a">2317-0190</subfield>
</datafield>
<datafield tag="022" ind1="#" ind2="#">
<subfield code="$a">0104-7795</subfield>
</datafield>
<datafield tag="042" ind1=" " ind2=" ">
<subfield code="a">dc</subfield>
</datafield>
<datafield tag="245" ind1="0" ind2="0">
<subfield code="a">Alterações clínicas dos pacientes com lesão encefálica adquirida que interferem no tratamento odontológico</subfield>
</datafield>  <datafield tag="720" ind1="1" ind2=" ">
<subfield code="a">Peres, Ana Claudia Darré</subfield>
<subfield code="u">Associação de Assistência à Criança Deficiente - AACD</subfield></datafield>
<datafield tag="720" ind1="1" ind2=" ">
<subfield code="a">Asano, Carolina</subfield>
<subfield code="u">Associação de Assistência à Criança Deficiente - AACD</subfield></datafield>
<datafield tag="720" ind1="1" ind2=" ">
<subfield code="a">Carvalhaes, Cristina Lima Leite</subfield>
<subfield code="u">Associação de Assistência à Criança Deficiente - AACD</subfield></datafield>
<datafield tag="720" ind1="1" ind2=" ">
<subfield code="a">Cesar, Marcelo Furia</subfield>
<subfield code="u">Associação de Assistência à Criança Deficiente - AACD</subfield></datafield>
<datafield tag="520" ind1=" " ind2=" ">
<subfield code="a"> Lesão Encefálica Adquirida (LEA) é uma lesão que ocorre no encéfalo após o nascimento e não está relacionada a doenças hereditárias, congênitas, degenerativas ou traumas de parto, podendo causar seqüelas físicas e cognitivas. Pacientes portadores de necessidades especiais estão cada vez mais presentes na prática diária do cirurgião dentista, porém, muitos profissionais ainda encontram dificuldades em atender estes pacientes. O objetivo deste estudo foi detectar alterações clínicas nos pacientes com LEA e relatar como estas podem interferir no atendimento odontológico. Foram avaliados 101 pacientes, com 18 a 87 anos de idade, de ambos os sexos, pertencentes à Clínica de LEA da Associação de Assistência à Criança Deficiente de São Paulo (AACD-SP). As informações foram coletadas através de consulta de prontuários, questionário fechado e exame clínico do paciente. Neste estudo, 70,30% dos pacientes apresentavam espasticidade, 51,49% disfagia, 44,55% convulsão, 75,25% déficit cognitivo, 9,90% limitação de abertura bucal e 40,59% eram dependentes para a higiene oral. O cirurgião dentista deve estar atento às alterações clínicas dos pacientes com LEA, minimizando possíveis intercorrências clínicas por meio de uma anamnese detalhada e planejamento clínico. </subfield>
</datafield>
<datafield tag="260" ind1=" " ind2=" ">
<subfield code="b">Faculdade de Medicina, Universidade de São Paulo</subfield>
</datafield>
<dataField tag="260" ind1=" " ind2=" ">
<subfield code="c">2011-09-09 00:00:00</subfield>
</dataField>   <datafield tag="856" ind1=" " ind2=" ">
<subfield code="q">application/pdf</subfield>
</datafield>
<datafield tag="856" ind1="4" ind2="0">
<subfield code="u">https://www.revistas.usp.br/actafisiatrica/article/view/103635</subfield>
</datafield>  <datafield tag="786" ind1="0" ind2=" ">
<subfield code="n">Acta Fisiátrica; v. 18 n. 3 (2011)</subfield>
</datafield>  <datafield tag="546" ind1=" " ind2=" ">
<subfield code="a">por</subfield>
</datafield>   <datafield tag="540" ind1=" " ind2=" ">
<subfield code="a">Copyright (c) 2011 Acta Fisiátrica</subfield>
</datafield>
</record>
</metadata>
</record>