
<record>
<header>
<identifier>oai:revistas.usp.br:article/103637</identifier>
<datestamp>2019-10-17T17:52:36Z</datestamp>
<setSpec>actafisiatrica:Art.+Orig.</setSpec>
<setSpec>driver</setSpec>
</header>
<metadata>
<record xmlns="http://www.loc.gov/MARC21/slim" xmlns:xsi="http://www.w3.org/2001/XMLSchema-instance" xsi:schemaLocation="http://www.loc.gov/MARC21/slim http://www.loc.gov/standards/marcxml/schema/MARC21slim.xsd">
<leader>     nmb a2200000Iu 4500</leader>
<controlfield tag="008">"110909 2011                        eng  "</controlfield>
<datafield tag="022" ind1="#" ind2="#">
<subfield code="$a">2317-0190</subfield>
</datafield>
<datafield tag="022" ind1="#" ind2="#">
<subfield code="$a">0104-7795</subfield>
</datafield>
<datafield tag="042" ind1=" " ind2=" ">
<subfield code="a">dc</subfield>
</datafield>
<datafield tag="245" ind1="0" ind2="0">
<subfield code="a">Análise dos acidentes motociclísticos no Centro de Reabilitação e Readaptação Dr. Henrique Santillo (CRER)</subfield>
</datafield>  <datafield tag="720" ind1="1" ind2=" ">
<subfield code="a">Jácomo, Angélle Aragonez Essado</subfield>
<subfield code="u">Centro de Reabilitação e Readaptação Dr. Henrique Santillo - CRER</subfield></datafield>
<datafield tag="720" ind1="1" ind2=" ">
<subfield code="a">Garcia, Ana Cristina Ferreira</subfield>
<subfield code="u">Centro de Reabilitação e Readaptação Dr. Henrique Santillo - CRER</subfield></datafield>
<datafield tag="520" ind1=" " ind2=" ">
<subfield code="a"> Na última década, dentre os acidentes automobilísticos, observa-se um número crescente envolvendo motocicletas, veículo que ganha cada vez mais aceitação e aprovação da população. Nestes acidentes, as lesões neurológicas mais freqüentes são o traumatismo cranioencefálico (TCE), seguido de lesão medular (LM), ambas de grande importância devido à gravidade das seqüelas que provocam. Objetivos: identificar o perfil dos pacientes vítimas de acidentes de tráfego com motocicletas no Centro de Reabilitação e Readaptação Dr. Henrique Santillo (CRER), tipo de lesão neurológica, incapacidades adquiridas, reinserção laboral e capacidade para conduzir veículos após o trauma. Pacientes e métodos: realizou-se uma análise descritiva dos prontuários dos pacientes internados no CRER, no período de 2007 a 2010, selecionando apenas as vítimas de acidente motociclístico, assim como da atual situação produtiva dos mesmos através de contato telefônico no período de 01-07-2011 a 20-07-2011, utilizando formulário previamente elaborado. Resultados: houve predomínio de homens jovens economicamente ativos, sendo que a maioria não retornou sua vida laboral (86%) e está usufruindo de benefício previdenciário (79,6%). Conclusão: faz-se primordial a elaboração de estratégias para prevenção e controle dos traumas por motos, assim como medidas que estimulem a reinserção desses indivíduos incapacitados. </subfield>
</datafield>
<datafield tag="260" ind1=" " ind2=" ">
<subfield code="b">Faculdade de Medicina, Universidade de São Paulo</subfield>
</datafield>
<dataField tag="260" ind1=" " ind2=" ">
<subfield code="c">2011-09-09 00:00:00</subfield>
</dataField>   <datafield tag="856" ind1=" " ind2=" ">
<subfield code="q">application/pdf</subfield>
</datafield>
<datafield tag="856" ind1="4" ind2="0">
<subfield code="u">https://www.revistas.usp.br/actafisiatrica/article/view/103637</subfield>
</datafield>  <datafield tag="786" ind1="0" ind2=" ">
<subfield code="n">Acta Fisiátrica; v. 18 n. 3 (2011)</subfield>
</datafield>  <datafield tag="546" ind1=" " ind2=" ">
<subfield code="a">por</subfield>
</datafield>   <datafield tag="540" ind1=" " ind2=" ">
<subfield code="a">Copyright (c) 2011 Acta Fisiátrica</subfield>
</datafield>
</record>
</metadata>
</record>