
<record>
<header>
<identifier>oai:revistas.usp.br:article/103638</identifier>
<datestamp>2019-10-17T18:08:34Z</datestamp>
<setSpec>actafisiatrica:Art.+Orig.</setSpec>
<setSpec>driver</setSpec>
</header>
<metadata>
<record xmlns="http://www.loc.gov/MARC21/slim" xmlns:xsi="http://www.w3.org/2001/XMLSchema-instance" xsi:schemaLocation="http://www.loc.gov/MARC21/slim http://www.loc.gov/standards/marcxml/schema/MARC21slim.xsd">
<leader>     nmb a2200000Iu 4500</leader>
<controlfield tag="008">"110909 2011                        eng  "</controlfield>
<datafield tag="022" ind1="#" ind2="#">
<subfield code="$a">2317-0190</subfield>
</datafield>
<datafield tag="022" ind1="#" ind2="#">
<subfield code="$a">0104-7795</subfield>
</datafield>
<datafield tag="042" ind1=" " ind2=" ">
<subfield code="a">dc</subfield>
</datafield>
<datafield tag="245" ind1="0" ind2="0">
<subfield code="a">Associar ou não o alongamento ao exercício resistido para melhorar o equilíbrio em idosos?</subfield>
</datafield>  <datafield tag="720" ind1="1" ind2=" ">
<subfield code="a">Gomes, Anna Raquel Silveira</subfield>
<subfield code="u">Universidade Federal do Paraná - UFPR</subfield></datafield>
<datafield tag="720" ind1="1" ind2=" ">
<subfield code="a">Wischneski, Priscila</subfield>
<subfield code="u">Universidade Federal do Paraná - UFPR</subfield></datafield>
<datafield tag="720" ind1="1" ind2=" ">
<subfield code="a">Rox, Rosana</subfield>
<subfield code="u">Universidade Federal do Paraná - UFPR</subfield></datafield>
<datafield tag="520" ind1=" " ind2=" ">
<subfield code="a"> O objetivo deste estudo foi avaliar o efeito do exercício resistido e/ ou alongamento e destreinamento no equilíbrio de idosos. Quarenta e seis idosos foram divididos em 4 grupos: Controle (C, n= 12): receberam orientações sobre prevenção de quedas. Alongamento (A, n= 12); Exercício Resistido (ER, n= 13); Exercício Resistido e Alongamento (ERA, n= 9). Foram realizados exercícios com resistência progressiva e/ou alongamento, em membros inferiores, 2x/semana, durante 12 semanas. Utilizou-se a Escala de Equilíbrio de Berg (EEB) e o Índice da Marcha Dinâmica (IMD), aplicados na 1ª, 6ª, 12ª semana e 6 semanas após o término. Utilizou-se ANOVA por medidas repetidas post hoc Fisher (p≤ 0,05), para comparação entre grupos ao longo das 4 avaliações. O ERA (12ª) aumentou a pontuação da EEB comparado ao ER (55±1 vs 53±2, p= 0,03). No IMD 12 semanas de ERA aumentaram o escore em relação ao pré treinamento (ERA) (23±2 vs 21±3; p= 0,0009). Após destreinamento o IMD do ERA foi superior, comparado ao pré treinamento (23±1 vs 21±3; p= 0,003). A associação do exercício resistido com alongamento (ERA) demonstrou ser mais eficaz para o equilíbrio funcional relacionado ao ambiente (EEB) do que exercício resistido isolado em idosos. Porém, somente o equilíbrio durante a marcha (IMD) foi mantido pelo ERA após o destreinamento. </subfield>
</datafield>
<datafield tag="260" ind1=" " ind2=" ">
<subfield code="b">Faculdade de Medicina, Universidade de São Paulo</subfield>
</datafield>
<dataField tag="260" ind1=" " ind2=" ">
<subfield code="c">2011-09-09 00:00:00</subfield>
</dataField>   <datafield tag="856" ind1=" " ind2=" ">
<subfield code="q">application/pdf</subfield>
</datafield>
<datafield tag="856" ind1="4" ind2="0">
<subfield code="u">https://www.revistas.usp.br/actafisiatrica/article/view/103638</subfield>
</datafield>  <datafield tag="786" ind1="0" ind2=" ">
<subfield code="n">Acta Fisiátrica; v. 18 n. 3 (2011)</subfield>
</datafield>  <datafield tag="546" ind1=" " ind2=" ">
<subfield code="a">por</subfield>
</datafield>   <datafield tag="540" ind1=" " ind2=" ">
<subfield code="a">Copyright (c) 2011 Acta Fisiátrica</subfield>
</datafield>
</record>
</metadata>
</record>
<resumptionToken expirationDate="2023-08-08T14:50:09Z" completeListSize="935" cursor="375">ce1cb05fbdc875c4822881357f3e3471</resumptionToken>
</ListRecords>
</OAI-PMH> 